2392 3571
112 1522 134 1540 lt]

157 367 215 397 284

159 954 295 984 XLIIII.
313 970 351 976 —
370 953 533 982 Eser-:nrm
551 961 588 982 na
604 952 735 983 Is‘roara
754 960 988 981 sccnssstAsricA
1003 952 1024 979 ¹.

240 1093 334 1124 Italia
346 1093 465 1123 dicitur
478 1092 518 1122 ab
530 1091 609 1122 Italo
624 1100 714 1129 rege;
730 1091 788 1121 hec
799 1095 829 1120 et
840 1091 985 1121 Ausonia
998 1099 1165 1128 nuncupa-

203 1151 255 1177 tur
272 1147 311 1176 ab
329 1147 418 1176 Auso
433 1145 537 1176 Ulixis
557 1145 634 1175 filio.
652 1144 744 1174 Italia
764 1153 839 1183 ergo
862 1144 963 1183 patria
987 1144 1055 1173 sive
1079 1143 1167 1181 regio

201 1201 422 1230 Romanorum
438 1207 456 1228 a
471 1198 563 1228 cirtio
578 1198 611 1227 in
627 1206 740 1227 eurum
753 1201 882 1226 extensa
896 1197 1000 1232 habet,
1015 1196 1054 1225 ab
1067 1195 1166 1225 africo

201 1253 371 1283 Tirrenum
389 1260 487 1287 mare,
503 1255 532 1280 et
545 1259 562 1280 a
577 1251 689 1280 horrea
703 1250 902 1279 Adriaticum
918 1249 1025 1278 sinum
1041 1262 1048 1285 ς
1065 1249 1104 1278 ab
1120 1256 1168 1278 oc-

201 1306 327 1336 cidente
344 1309 451 1334 autem
468 1304 611 1333 obicibus
628 1303 760 1341 Alpium
777 1303 935 1333 obruitur.
954 1303 1054 1332 Porro
1071 1301 1167 1340 Alpes

202 1368 220 1389 a
242 1357 366 1388 Gallico
390 1358 472 1387 mari
500 1366 596 1396 super
620 1356 800 1394 Ligustium
825 1356 934 1385 sinum
961 1356 1183 1392 exurgentes‚'

201 1411 307 1450 primo
325 1409 583 1440 Narbonentium
601 1409 693 1445 fines,
711 1408 841 1438 demum
859 1416 932 1437 vero
947 1406 1085 1436 Galliam
1102 1407 1167 1436 Re-

204 1464 370 1502 thiamque
392 1462 571 1497 secludunt,
597 1462 697 1491 donec
719 1461 751 1490 in
775 1461 849 1490 sinu
872 1460 1046 1490 Libui-nico
1066 1459 1167 1489 defin-

202 1520 329 1555 gantur.
359 1515 463 1545 Habet
483 1519 513 1544 et
542 1514 633 1544 Italia
665 1513 846 1552 provincias
874 1513 1004 1546 XVIII.
1029 1521 1166 1550 quarum

203 1569 307 1608 prima
325 1568 446 1598 Histria
462 1571 676 1605 nuncupatur,
695 1566 836 1596 secunda
852 1566 983 1603 Liguria
1001 1574 1018 1594 a
1034 1564 1169 1602 legumi-

203 1622 300 1652 nibus
318 1621 484 1656 vocitatur,
504 1628 641 1658 quorum
668 1619 752 1649 ferax
775 1628 844 1649 esse
865 1618 1027 1657 probatur,
1048 1618 1082 1647 in
1105 1626 1169 1657 qua

203 1678 250 1704 est
266 1673 486 1703 Mediolanum
503 1677 598 1710 atque
614 1671 723 1710 Papia.
737 1671 843 1701 Tertia
857 1671 974 1701 Rethia
987 1671 1101 1709 prima,
1115 1670 1168 1700 cui

203 1726 381 1757 conectitur
416 1725 532 1755 Rethia
561 1725 702 1754 secunda
737 1725 822 1754 inter
855 1724 953 1762 Alpes
985 1720 1168 1754 constituta.

202 1779 322 1815 Quarta
338 1778 436 1816 Alpes
452 1777 566 1807 Gothie
582 1786 599 1807 a
615 1777 708 1807 Gotio
725 1786 797 1815 rege
811 1777 940 1807 dicitur.
959 1777 1081 1813 Quinta
1096 1785 1170 1807 vero

204 1832 368 1871 provincia
388 1831 483 1869 Alpes
500 1830 591 1860 Gotie
609 1834 825 1869 nuncupatur,
842 1830 876 1859 in
894 1839 957 1869 qua
973 1831 1078 1860 Janua
1094 1830 1170 1859 civi-

205 1889 250 1914 tas
272 1885 333 1914 sita
356 1888 413 1914 est.
434 1884 527 1913 Sexta
549 1892 678 1922 quoque
703 1883 867 1921 provincia
886 1883 1001 1913 Tuscia
1022 1884 1169 1913 nomina-

205 1942 269 1974 tur,
289 1938 321 1966 in
338 1946 400 1976 qua
419 1936 520 1966 Roma
537 1936 695 1973 consistit,
714 1937 765 1965 cui
782 1935 970 1973 adiungitur
988 1936 1118 1972 Imbria,
1136 1936 1169 1965 in

204 2000 266 2029 qua
283 1994 329 2020 est
346 1989 519 2018 Perusinm
535 1994 563 2018 et
582 1989 757 2027 Spoletum.
771 1989 912 2027 Septima
923 1992 1028 2018 autem
1043 1989 1170 2027 provin-

205 2043 253 2072 cia
269 2042 444 2080 Campania
459 2041 498 2070 ab
514 2041 599 2070 Urbe
614 2041 712 2069 sumit
726 2041 856 2070 initium
873 2045 903 2070 et
917 2041 1105 2079 perstringit
1121 2050 1170 2069 us-

204 2104 266 2134 que
282 2094 322 2123 ad
344 2093 428 2123 Siler
446 2093 596 2128 fluvium,
616 2093 775 2131 habetque
794 2093 1053 2131 opulentissimas
1077 2095 1171 2123 urbes

205 2149 345 2185 Capuam
367 2147 471 2185 adque
496 2146 674 2185 Neapolim.
695 2147 801 2176 Bricia
820 2147 984 2185 provincia.
999 2156 1016 2176 a
1032 2147 1170 2186 quadam

205 2200 306 2238 ipsius
330 2199 492 2238 provincie
516 2200 627 2236 regina
649 2203 792 2229 vocatur.
817 2199 935 2229 Octava
958 2204 1005 2229 est
1028 2200 1172 2229 Lucania

204 2253 258 2282 cui
274 2252 489 2290 cuniungitur
504 2253 606 2281 Britia
619 2261 636 2281 a
653 2252 754 2282 Silere
770 2252 869 2282 fluvio
884 2261 984 2290 usque
1000 2253 1037 2282 ad
1052 2254 1171 2283 fretum

228 2425 398 2449 Exci-,neren
417 2425 437 2447 A
454 2438 482 2441 —
497 2425 577 2448 Auxo
592 2425 613 2447 A
627 2437 656 2441 —
669 2425 753 2447 boreo
766 2437 796 2441 —
810 2424 931 2448 Historia
946 2424 966 2448 C
983 2437 1012 2441 —
1028 2424 1134 2455 Rothye
1152 2424 1172 2448 C

165 2481 195 2487 —
210 2469 340 2492 dicuntur
355 2470 376 2492 A
398 2482 426 2485 —
453 2469 611 2492 Peruseium
628 2468 647 2493 C
670 2481 698 2485 —
718 2475 775 2498 reg.
792 2475 869 2498 prov.
887 2468 909 2492 A
931 2481 959 2485 —
976 2468 1068 2491 Bricia
1084 2475 1099 2491 a
1116 2468 1172 2492 Sile

166 2513 189 2536 A

205 2676 229 2702 l.
251 2674 376 2701 Cencius
392 2684 407 2701 a
423 2677 574 2709 emprunte
590 2679 664 2701 cette
681 2675 759 2709 piece
775 2676 790 2701 a
807 2674 942 2707 Albinus,
961 2677 996 2702 ou
1014 2676 1067 2702 elle
1084 2677 1173 2703 forme

167 2732 206 2750 un
223 2724 360 2758 prologue
375 2731 457 2750 assez
472 2723 581 2749 natur-el
598 2732 632 2749 au
651 2724 806 2757 provincial
822 2727 850 2750 et
865 2725 880 2749 a
894 2724 919 2750 la
934 2724 1008 2750 table
1024 2724 1075 2751 des
1092 2733 1172 2751 cens.

167 2771 208 2798 Ici
233 2772 286 2798 elle
309 2771 351 2798 n’a
372 2780 484 2798 aucune
508 2772 609 2798 utilite.
636 2771 779 2803 Albinus,
806 2771 900 2798 l'avait
925 2772 1077 2798 lui-meme
1105 2773 1175 2799 tirce

167 2819 202 2846 de
222 2819 370 2846 l'Histoire
391 2820 611 2853 ecclesiastiqne
631 2819 665 2845 de
691 2819 814 2854 Hugnes
836 2819 869 2845 de
894 2819 1008 2855 Fleury,
1032 2822 1121 2847 ecrite
1139 2830 1175 2847 au

167 2872 418 2894 commencement
434 2868 470 2894 dn
487 2867 635 2894 douzi'eme
652 2868 750 2894 siecle.
767 2867 838 2902 Voy.
852 2867 978 2894 l'edition
994 2868 1174 2901 Rottendorf,

169 2915 308 2946 Miinster,
333 2916 413 2947 1638,
441 2925 466 2949 p.
491 2916 540 2948 35;
565 2916 601 2942 cf.
628 2915 658 2941 P.
686 2915 790 2947 Fabi-e,
815 2917 948 2948 melanqes
970 2917 1001 2942 de
1029 2916 1123 2942 I'Ecole
1147 2917 1177 2942 de

169 2963 257 2993 Rome,
275 2966 295 2989 t.
315 2963 353 2988 IV
373 2963 471 2996 (1884),
489 2972 515 2998 p.
530 2963 590 2990 388.
605 2977 640 2983 —
655 2963 689 2989 Je
703 2964 783 2997 joins
799 2972 833 2990 au
851 2967 928 2990 texte
944 2964 979 2990 (le
996 2964 1119 2990 Cencius
1136 2965 1177 2991 les

170 3011 315 3037 variantes
330 3012 494 3038 d'Albinus.

704 362 754 391 LE
779 361 921 390 LIBER
944 358 1137 389 CENSUU
1149 359 1179 387 M
1202 359 1256 388 DE
1279 349 1466 389 L’F'JGLISE
1488 358 1699 388 ROMAINE.

1288 949 1444 988 Syculum
1468 949 1633 988 superiora
1655 949 1767 979 Tireni
1789 949 1888 979 maris
1910 949 2112 988 pertingens,
2135 949 2169 978 in
2190 957 2255 988 qua

1289 1003 1481 1033 Petulanius
1492 1007 1522 1033 et
1535 1003 1674 1041 Regium
1691 1003 1790 1042 posite
1806 1006 1882 1032 sunt
1896 1003 2051 1033 civitates.
2072 1003 2166 1033 Nona
2181 1010 2257 1033 vero

1288 1056 1455 1094 provincia
1473 1056 1506 1085 in
1525 1055 1662 1094 Alpibus
1678 1055 1863 1094 Apenninis
1879 1059 1926 1085 est
1947 1055 2017 1085 sita.
2042 1055 2175 1085 Decima
2194 1064 2256 1085 au-

1291 1114 1352 1139 tem
1371 1109 1488 1138 Emilia
1504 1109 1707 1145 nominatur3
1726 1109 1784 1139 bec
1800 1109 1915 1149 incipit
1934 1109 2018 1139 inter
2035 1108 2132 1148 Alpes
2148 1110 2254 1148 Apen-

1290 1162 1381 1192 ninas
1399 1167 1429 1192 et
1449 1162 1550 1200 pergit
1565 1162 1654 1191 iuxta
1671 1162 1750 1191 Padi
1767 1162 1888 1191 fluenta
1911 1171 2021 1191 versus
2045 1162 2253 1198 Ravennam3

1289 1220 1319 1245 et
1353 1215 1411 1245 hec
1443 1215 1657 1254 locupletibus
1688 1215 1822 1245 urbibus
1855 1215 2038 1253 decoratur,
2072 1215 2238 1245 Placentia
2250 1238 2257 1252 ‚

1291 1269 1418 1305 Parma,
1433 1269 1590 1305 Bononia,
1604 1273 1633 1298 et
1644 1267 1787 1298 Cornelii
1803 1268 1895 1304 Foro,
1909 1268 1995 1307 quod
2009 1268 2104 1298 modo
2117 1272 2257 1298 castrum

1290 1321 1407 1351 Imolas
1428 1321 1618 1360 appellatur.
1637 1321 1819 1351 Undecima
1836 1325 1942 1350 antem
1961 1321 2150 1350 Flaminee⁸
2166 1329 2259 1350 voca-

1292 1380 1343 1404 tur
1358 1378 1387 1405 et
1408 1379 1455 1404 est
1472 1375 1558 1404 inter
1574 1374 1765 1413 Apenninas
1781 1373 1879 1413 Alpes
1898 1378 1928 1404 et
1948 1383 2035 1404 mare
2054 1374 2256 1404 Adriaticum

1290 1428 1404 1466 posita,
1421 1432 1451 1457 et
1469 1428 1501 1457 in
1520 1437 1556 1457 ea
1572 1428 1633 1457 sita
1650 1431 1695 1457 est
1717 1428 1883 1457 Ravenna.
1906 1427 2102 1457 Duodecima
2123 1435 2198 1456 vero
2213 1428 2260 1455 est

1291 1481 1430 1510 Picenus
1450 1480 1573 1510 habens
1597 1481 1657 1510 sub
1676 1484 1785 1510 austro
1806 1480 1996 1518 Apenninos
2021 1484 2145 1510 montes
2167 1483 2197 1509 et
2222 1487 2259 1509 ex

1290 1534 1390 1563 altera
1406 1538 1494 1572 parte
1514 1533 1716 1563 Adriaticum
1734 1542 1838 1569 mare,
1862 1537 1891 1562 et
1912 1532 2086 1571 porrigitur
2103 1541 2204 1571 usque
2219 1531 2260 1561 ad

1292 1587 1486 1616 Piscaniam.
1499 1587 1672 1625 Apennine
1683 1589 1788 1616 autem
1803 1585 1901 1624 Alpes
1913 1594 1968 1624 per
1980 1585 2119 1615 mediam
2134 1585 2260 1614 ltaliam

1291 1643 1459 1678 pergentes
1474 1648 1492 1668 a
1508 1639 1650 1675 Punicis,
1664 1639 1725 1669 hoc
1738 1643 1784 1669 est
1799 1638 1838 1668 ab
1854 1639 1991 1668 exercitu
2006 1637 2189 1673 Hanibalis,
2202 1637 2260 1676 qui

1293 1702 1347 1732 per
1371 1702 1423 1722 eas
1451 1692 1621 1721 transitum
1651 1692 1762 1721 habuit
1786 1692 1975 1721 vocitantur.
2004 1691 2111 1721 Tertia
2134 1690 2262 1721 decima

1292 1754 1419 1784 quoquo
1438 1745 1603 1784 provincia
1619 1745 1749 1774 Valeria
1768 1748 1985 1782 nuncupatur,
2003 1743 2056 1774 cui
2073 1747 2120 1773 est
2137 1744 2262 1774 adnexa

1293 1798 1424 1828 Nursia.
1448 1799 1554 1828 Huius
1571 1799 1666 1827 etiam
1682 1806 1754 1837 pars
1772 1797 1903 1827 occidua
1920 1797 2046 1826 Etruria
2061 1797 2260 1827 nominatur.

1293 1852 1412 1888 Quarta
1435 1851 1560 1881 decima
1583 1859 1657 1880 vero
1680 1850 1846 1889 provincia.
1869 1850 2039 1880 Samnium
2053 1849 2067 1869 b
2089 1859 2106 1880 a
2124 1849 2264 1880 Piscaria

1293 1905 1409 1943 incipit
1423 1908 1453 1933 et
1466 1904 1550 1933 inter
1562 1903 1773 1941 Campaniam
1787 1906 1816 1932 et
1830 1911 1918 1932 mare
1930 1902 2130 1932 Adriaticum
2144 1902 2262 1941 pergit3

1293 1958 1392 1987 huius
1418 1957 1519 1996 capud
1543 1960 1590 1986 est
1615 1957 1820 1987 Beneventus
1844 1956 1965 1985 civitas.
1993 1955 2115 1991 Quinta
2138 1955 2263 1985 decima

1293 2015 1400 2040 autem
1423 2010 1542 2049 Apulia
1558 2019 1569 2033 e
1589 2014 1650 2045 est,
1672 2010 1847 2039 consotiata
1868 2009 1930 2039 sibi
1954 2008 2116 2045 Calabria,
2141 2008 2264 2038 habens

1294 2063 1463 2102 opulentas
1493 2063 1588 2092 urbes
1618 2062 1805 2098 Luceriam,
1836 2062 2029 2100 Sepontum,
2061 2061 2262 2098 Kannsium,

1296 2117 1534 2152 Brundusium,
1552 2121 1646 2155 atque
1662 2116 1850 2145 Tarentum.
1869 2116 1963 2145 Sexta
1982 2115 2108 2144 decimo
2121 2123 2195 2144 vero
2211 2114 2263 2144 Si-

1293 2170 1370 2200 cilia
1383 2171 1395 2192 d
1412 2174 1473 2206 est,
1494 2179 1556 2208 que
1575 2169 1657 2198 mari
1674 2169 1791 2198 Tireno
1807 2178 1861 2198 seu
1880 2168 1977 2198 lolico
1994 2167 2102 2197 alitur.
2121 2167 2265 2206 Septima

1294 2223 1418 2252 decima
1434 2227 1539 2252 autem
1558 2222 1686 2252 Corsica
1697 2230 1709 2244 ο
1726 2226 1783 2257 est,
1804 2225 1834 2250 et
1849 2224 1958 2251 octava
1974 2221 2097 2251 decima
2113 2220 2265 2250 Sardinia

1294 2280 1511 2314 nuncupatur.
1535 2275 1709 2305 Sciendum
1733 2279 1836 2303 tamen
1856 2279 1902 2303 est
1919 2274 2072 2313 quoniam
2096 2273 2264 2311 Liguriam

1317 2448 1442 2472 Siculum
1458 2447 1480 2471 A
1506 2460 1534 2464 —
1556 2447 1664 2470 Tirreni
1680 2446 1703 2470 A
1723 2459 1753 2464 ——-
1774 2446 1964 2476 perstringens
1981 2445 2003 2469 A
2019 2458 2048 2463 —
2064 2445 2117 2468 sita
2138 2446 2180 2468 est.
2196 2444 2219 2468 A
2235 2456 2265 2460 —

1254 2492 1388 2516 Flaminia
1406 2492 1429 2515 A
1453 2504 1483 2509 -
1507 2491 1688 2522 Appenninas
1708 2491 1732 2514 A
1755 2504 1784 2507 —
1809 2490 1870 2521 sub]
1888 2491 1921 2513 ab
1938 2490 1961 2513 A
1980 2502 2010 2506 —
2031 2489 2175 2512 Annibalis
2192 2488 2215 2512 Α
2236 2500 2266 2505 —-

1256 2536 1405 2560 Sanusium
1423 2536 1445 2559 A
1465 2549 1493 2553 —
1515 2535 1626 2560 Sitbilia
1642 2536 1664 2559 A
1685 2548 1714 2552 —
1735 2535 1799 2565 quia
1815 2534 1964 2565 Luguriam
1982 2535 2004 2557 A
2025 2546 2054 2550 —
2075 2533 2266 2557 Flamminiam

1256 2581 1278 2603 A
1296 2593 1325 2598 -—
1341 2580 1575 2610 hystoriography
1593 2579 1612 2604 C
1629 2593 1658 2597 —
1674 2579 1717 2610 ab]
1735 2579 1768 2602 sd
1786 2579 1805 2603 C
1823 2592 1851 2595 —
1866 2578 1961 2602 scribit
1979 2578 2001 2601 A

1287 2626 1318 2647 ln
1336 2625 1466 2653 maryine
1482 2626 1502 2646 A
1520 2626 1544 2647 et
1559 2626 1576 2646 C
1590 2624 1714 2647 habent:

1286 2668 1311 2697 a)
1329 2667 1484 2695 Flaminoa,
1502 2667 1614 2690 Aurelia
1634 2670 1660 2691 ot
1676 2667 1774 2690 Emilia
1790 2674 1805 2690 a
1825 2666 1974 2690 contractis
1995 2665 2062 2689 viris
2083 2664 2130 2695 qui
2151 2664 2266 2688 Romam

1255 2714 1392 2735 venerunt
1408 2711 1543 2734 vocabula
1559 2712 1678 2734 trahunt.

1289 2755 1314 2784 b>
1334 2754 1471 2778 Samnites
1492 2756 1525 2778 ab
1546 2755 1612 2778 astis
1636 2762 1703 2785 quas
1725 2755 1796 2778 serre
1813 2754 1887 2778 soliti
1910 2755 1988 2777 erant
2006 2754 2142 2776 vocantur
2163 2757 2168 2775 :
2189 2751 2269 2774 hasta

1257 2799 1329 2823 enim
1344 2806 1424 2829 grece
1439 2806 1538 2823 semna
1555 2802 1679 2823 vocatur.

1289 2843 1312 2872 c)
1332 2843 1432 2873 Apulia
1453 2850 1468 2866 a
1488 2843 1644 2873 perditione
1662 2843 1812 2873 (perditore
1830 2842 1861 2871 A)
1883 2841 2094 2872 cognominatur
2116 2846 2121 2862 z
2141 2838 2268 2862 celeriter

1258 2886 1330 2910 enim
1347 2887 1383 2909 ibi
1398 2887 1464 2910 solis
1478 2887 1587 2910 fervore
1603 2888 1721 2910 virentia
1739 2887 1900 2917 perduntur.

1289 2932 1317 2959 d)
1334 2930 1429 2954 Sicilia
1444 2931 1565 2960 (Sitbilia
1582 2932 1613 2960 A)
1632 2939 1646 2954 a
1664 2931 1757 2955 Siculo
1775 2931 1844 2953 duco
1861 2930 2064 2953 denominatur.

1290 2975 1312 3004 e)
1329 2974 1443 2998 Corsica
1464 2983 1478 2998 a
1499 2975 1568 2998 duce
1589 2983 1639 2999 suo
1657 2976 1743 2999 Cosso
1765 2979 1790 2998 et
1813 2975 1847 3005 (et
1869 2981 1924 2997 om.
1949 2973 1979 3003 C)
2002 2972 2131 2997 Sardinia
2148 2979 2162 2994 a
2180 2969 2268 2994 Sardo

1261 3019 1387 3042 Herculis
1404 3020 1459 3043 filio
1477 3020 1690 3043 denominantur
1707 3019 1912 3049 (denominatur
1928 3018 1968 3047 C).

2313 1435 2338 1455 10

2316 1699 2341 1718 1⁵

2317 1962 2343 1982 20

2318 2225 2345 2245 25
