2392 3571
636 352 687 382 LE
710 353 855 383 LIBER
877 353 1113 384 CENSUUM
1136 355 1190 385 DE
1213 345 1400 388 L·ssGLISE
1425 360 1633 391 ROMAINE.

126 417 245 446 ecclesie
263 417 394 446 Romane
412 417 544 446 nomine.
562 417 648 446 Hanc
667 419 858 447 donationem
877 425 903 448 et
918 420 1096 448 oblationem

128 469 228 499 dictus
243 469 387 498 dominus
402 469 518 507 leqatus
534 471 641 507 recepit
659 471 698 499 ad
715 471 899 500 voluntatem
918 477 945 500 et
959 473 1097 509 benepta-

127 522 225 551 citum
240 526 385 557 vestrum,
405 527 432 550 et
444 527 509 559 post
526 523 719 560 receptionem
736 524 850 559 factam
865 525 900 552 ab
915 533 946 553 eo
963 525 1015 559 sic,
1039 526 1098 561 ipse

128 574 272 603 dominus
287 574 404 612 leyatus
418 574 530 604 dictam
545 575 683 603 insulam
699 575 780 603 dedit
793 576 889 604 michi
901 581 927 604 et
940 577 1098 605 heredibus

129 627 205 656 meis
219 627 254 656 in
271 627 393 663 feodum
412 633 555 665 perpetuo
576 627 787 665 possidendam
808 632 834 656 el
859 629 1018 657 tenendam
1044 637 1098 657 no-

129 679 214 708 mine
228 680 344 709 ecclesie
361 680 501 709 Romane.
529 681 563 709 Et
584 689 628 709 me
651 680 720 709 inde
739 689 794 718 per
815 681 947 709 anulum
968 690 1097 709 aureum

129 732 298 761 investivit.
317 732 399 762 Sciat
417 733 514 770 iyitur
525 733 697 770 paternitas
710 737 808 762 vestra
823 733 902 770 quod
914 733 954 761 ad
967 733 1099 762 manda-

132 786 198 810 tum
213 783 288 812 dicti
303 783 422 812 domini
437 784 528 820 leyati
543 784 657 820 jttravi
671 784 827 813 observare
842 789 868 813 et
885 789 982 813 tenere
999 785 1100 813 invio-

132 835 266 864 labiliter
281 835 419 873 predicta
436 845 493 874 pro
513 845 559 864 me
580 840 606 864 et
626 836 784 865 heredibus
805 837 878 865 meis
894 841 1046 874 perpetuo.
1066 836 1100 864 Et

122 887 240 924 j‘aravi
253 888 332 924 quod
351 896 441 926 super
462 889 515 917 hoc
531 889 722 917 securitatem
738 889 851 924 faciam
869 898 924 927 per
939 898 985 918 me
1001 890 1099 926 ipsum

131 944 159 968 et
178 940 298 969 heredes
312 949 391 969 meos
405 945 432 977 eut
449 941 587 969 homines
609 941 710 969 insule
730 949 821 978 quant
844 941 943 970 (lictus
958 941 1102 970 dominus

133 992 250 1030 leyatus
270 993 316 1021 vel
337 993 420 1021 alius
439 993 473 1022 de
500 993 643 1022 mandato
664 999 762 1022 vestro
780 995 903 1031 petierit
922 1003 939 1023 a
962 1003 1007 1022 me
1026 995 1101 1022 bona

130 1045 190 1082 fide
205 1050 232 1074 et
247 1046 313 1074 sine
329 1046 448 1082 fraude.
467 1047 502 1074 Et
522 1047 555 1075 in
575 1047 669 1083 hujus
689 1047 734 1075 rei
754 1048 960 1075 testimonium
979 1047 1034 1075 has
1050 1047 1103 1075 lit-

135 1102 214 1127 teras
222 1103 359 1136 patentes
367 1098 437 1136 fieri
447 1099 576 1134 fecimus
586 1099 648 1127 hiis
659 1100 782 1128 testibus
792 1099 936 1128 :domino
946 1099 974 1128 C.
986 1099 1104 1136 Banqo-

133 1152 218 1180 ‘rensi
237 1152 370 1189 episcopo
391 1151 426 1180 de
454 1151 574 1187 Wallia,
599 1152 748 1189 magistro
766 1152 805 1180 Μ.
824 1152 947 1189 officiali
967 1152 1002 1180 de
1020 1152 1100 1186 Man,

139 1204 234 1233 Yvone
257 1203 322 1241 filio
342 1204 486 1240 Holbudi,
509 1205 647 1234 Johanne
671 1205 791 1240 clerico,
820 1206 966 1242 mayistro
992 1205 1100 1240 Yvone,

133 1256 249 1286 Holaeo
274 1257 438 1286 senescalco
464 1257 583 1286 domini
610 1258 689 1295 regis
718 1257 753 1286 de
779 1258 860 1286 Man.
889 1257 1106 1295 Supplicamus

134 1313 238 1338 autem
252 1309 411 1338 sanctitati
428 1314 521 1338 vestre
538 1310 617 1347 quod
636 1310 839 1348 privileyium
858 1310 935 1339 illud
950 1315 976 1339 et
988 1314 1106 1347 protec-

137 1363 250 1391 tionem
265 1371 356 1399 quam
378 1362 452 1391 aliis
472 1363 591 1399 reqibus
605 1363 798 1392 censualibus
815 1367 842 1392 et
861 1363 1002 1391 vassallis
1016 1362 1107 1391 eccle-

135 1416 179 1444 sie
194 1415 324 1444 Romane
341 1415 516 1451 conceditis,
537 1416 621 1444 'nobis
638 1416 742 1444 mittat
757 1416 904 1444 sanctitas
919 1420 1029 1444 vestra.
1050 1415 1108 1444 Nos

134 1468 219 1497 enim
231 1468 338 1505 parati
353 1476 460 1497 sumus
473 1469 577 1497 omnia
588 1468 725 1506 predicta
741 1468 907 1497 secundum
923 1468 1108 1497 mandatum

137 1525 273 1550 vestrum
289 1529 421 1549 servare.

175 1573 389 1609 Interfuerunt
411 1577 513 1602 autem
533 1573 605 1602 huic
627 1577 725 1602 nostre
749 1573 912 1602 donatione
931 1573 965 1602 de
984 1573 1109 1609 familia

137 1626 259 1655 domini
274 1626 366 1663 leyati
380 1627 527 1663 magister
540 1626 648 1654 Petrus
662 1626 697 1655 de
713 1626 890 1655 Collemedio
902 1626 1022 1655 domini
1034 1634 1110 1664 pape

136 1678 327 1716 capellanus,
358 1679 504 1716 magister
521 1678 702 1716 Hardinyus
724 1679 884 1716 Papiensis
902 1679 1033 1716 ejusdem
1057 1679 1110 1708 do-

139 1731 222 1761 mini
240 1731 455 1767 subdiaconus,
477 1732 624 1769 magister
641 1732 750 1760 Petrus
765 1732 799 1760 de
813 1732 938 1768 Babuto,
966 1733 1112 1770 maqister

137 1784 265 1813 Jacobus
274 1785 404 1822 scriptor
414 1784 534 1813 domini
540 1793 626 1822 pape,
638 1785 792 1822 presbyter
801 1785 896 1814 Lucas
908 1785 942 1814 de
953 1785 1112 1822 Wytfando

140 1837 262 1866 domini
276 1837 368 1874 leyati
382 1837 569 1875 capellanus,
586 1837 760 1873 Pandulfus
775 1846 863 1875 nepos
880 1838 977 1875 ipsius
992 1838 1113 1867 domini

140 1890 234 1928 legati
259 1890 473 1918 thesaurarius
499 1890 704 1926 Cicestrensis,
732 1891 879 1928 magister
903 1891 1056 1920 Johannes
1078 1890 1113 1920 de

145 1942 284 1978 Venafro,
304 1941 476 1980 Stephanus
491 1951 580 1980 nepos
595 1943 716 1971 domini
730 1943 877 1980 Stephani
895 1944 1016 1973 basilice
1036 1943 1112 1972 duo-

141 1994 239 2023 decim
263 1995 474 2032 Apostolorum
496 1995 664 2032 presbyteri
690 1995 873 2031 cardinalis,
902 1996 1055 2025 Martinus
1078 1996 1113 2024 de

143 2047 272 2077 Cicestro
295 2047 480 2076 senescalcus
505 2047 626 2076 clomini
652 2048 756 2085 leqati,
790 2049 960 2078 Contardus
985 2049 1114 2078 clericus

142 2100 263 2129 domini
287 2099 424 2137 Greyorii
445 2099 480 2128 de
505 2100 671 2129 Crescentio
694 2101 793 2130 sancti
821 2101 967 2130 Theodori
990 2101 1113 2130 diaconi

141 2152 326 2188 cardinatis,
353 2153 494 2181 Rusticus
508 2157 534 2181 et
549 2153 701 2182 Johannes
716 2153 750 2182 de
764 2153 863 2182 Londo
882 2154 1043 2191 scriptores
1059 2154 1113 2182 do-

141 2205 225 2234 mini
240 2205 342 2242 legati.

181 2257 290 2286 Actum
311 2257 447 2286 Londoni
468 2257 613 2286 indomo
636 2258 746 2286 Militie
770 2258 897 2295 Templi,
924 2259 950 2286 X
969 2258 1114 2287 kalendas

142 2311 284 2345 octobris,
310 2319 392 2338 anno
412 2311 536 2339 Domini
557 2311 714 2340 JPCCXIX.
740 2311 777 2339 Et
800 2320 834 2339 ne
857 2320 948 2348 super
967 2312 1030 2340 hiis
1052 2312 1114 2340 ali-

143 2362 266 2399 quando
277 2363 372 2399 possit
387 2362 534 2398 dubitari,
552 2363 607 2391 has
623 2364 741 2392 litteras
752 2363 821 2400 fieri
833 2364 962 2399 fecimus
973 2368 1000 2392 et
1012 2364 1114 2400 sigillo

143 2420 246 2444 nostro
262 2416 395 2444 muniri.

183 2466 260 2493 Nota
275 2467 351 2501 quod
368 2467 460 2493 littera
477 2467 532 2494 ista
551 2467 652 2494 eodem
669 2468 753 2494 modo
769 2470 877 2503 scripta
892 2473 937 2495 est
952 2469 980 2495 in
997 2472 1114 2503 regesto

145 2515 256 2542 domini
275 2515 397 2542 Honorii
419 2516 536 2550 septimi
559 2516 642 2547 anni,
666 2517 694 2543 in
717 2525 774 2551 quo
798 2518 883 2543 etiam
907 2522 950 2544 est
974 2518 1113 2552 protectio

146 2563 240 2598 ipsius
256 2564 334 2597 regis
350 2572 491 2590 concessa
506 2564 562 2590 sibi
577 2564 612 2590 ab
630 2564 731 2591 eodem
747 2565 864 2592 domino
879 2565 1008 2592 Honorio
1022 2568 1040 2592 ¹.

144 2737 169 2763 1.
186 2736 341 2768 Pressutti‚
362 2743 393 2763 n⁰
407 2736 488 2764 4373.
509 2752 543 2757 —-
563 2736 645 2764 Gette
662 2742 728 2764 note
744 2742 789 2765 est
811 2738 897 2765 d'une
912 2739 1038 2765 ocu-iture
1054 2740 1113 2765 tries

105 2785 288 2820 postet-ieme
303 2786 319 2811 a
335 2784 406 2811 celle
421 2784 456 2811 de
471 2785 496 2811 la
513 2785 603 2820 piace.

2124 365 2179 395 261

1178 420 1285 452 XXX.
1310 440 1348 445 —
1371 424 1622 457 Issrnunexruu
1646 437 1683 457 οε
1706 437 1814 459 tum-co
1837 439 1934 460 ῐ-Ἀετο
1959 439 2107 464 QUATuon
2129 440 2181 460 ut-

1219 483 1270 504 mA
1286 483 1567 508 seprtNGssNTAnUM
1586 489 1755 510 usnemun
1772 490 1962 512 mnemoms
1980 482 2183 513 Mosnsessn-

1218 535 1290 556 ΒΑΤι
1304 528 1324 556 ¹.

1258 645 1292 673 In
1305 646 1418 675 Christi
1431 649 1560 684 nomine,
1574 659 1680 678 annoa
1692 652 1853 681 nativitate
1863 653 1993 689 eJustIem
2006 654 2187 683 wccxxm

1222 696 1386 726 indictione
1412 700 1584 736 undecima,
1609 702 1656 730 die
1677 705 1823 732 mercurii
1842 705 1881 733 XI
1900 706 2033 734 intrante
2056 705 2181 740 octobr„

1220 748 1259 776 ad
1278 751 1513 786 postulationem
1533 754 1651 783 domini
1677 756 1834 784 Guilielmi
1854 757 2035 786 Mutinensis
2057 759 2188 795 episcopi

1221 803 1393 838 Bonifatius
1409 806 1495 842 filius
1512 809 1698 838 marchionis
1713 810 1746 838 de
1761 811 1856 839 Monte
1874 812 2005 847 Ferrato,
2026 813 2059 841 de
2078 814 2187 842 volun-

1223 860 1281 884 late
1293 861 1318 884 et
1335 858 1479 886 mandato
1491 861 1650 896 patrissui
1663 861 1781 890 domini
1798 863 1955 892 Guilielmi
1969 867 2115 901 presentis
2130 866 2188 894 ibi-

1223 908 1299 943 dem,
1310 910 1436 945 Juravit
1450 913 1537 939 tactis
1548 915 1748 942 sacrosanctis
1760 916 1926 951 eranqeliis
1938 917 2016 953 quod
2030 917 2112 946 dabit
2124 927 2189 955 ope-

1223 969 1293 988 ram
1309 963 1378 989 totis
1393 963 1512 991 viribus
1529 965 1602 993 bona
1619 966 1676 1001 fide
1690 967 1768 1002 quod
1782 973 1868 1004 pater
1882 977 1956 997 suus
1971 978 1988 997 a
2004 971 2076 1004 festo
2089 971 2189 999 sancti

1222 1013 1373 1043 Johannis
1385 1015 1516 1052 Baptiste
1525 1018 1666 1054 proximo
1684 1019 1723 1046 ad
1738 1028 1855 1048 annum
1875 1022 1931 1049 iter
1945 1023 2074 1059 arripiet
2087 1028 2191 1051 trans-

1223 1067 1360 1101 fretandi
1373 1068 1484 1096 ducens
1496 1078 1594 1098 secum
1609 1071 1836 1108 quinquaqinta
1851 1073 1964 1102 milites
1974 1074 2042 1103 bene
2056 1080 2192 1103 armatos

1225 1119 1261 1148 in
1284 1128 1463 1149 succursum
1489 1122 1575 1150 Terre
1594 1128 1712 1158 sancte,·
1733 1129 1759 1152 et
1780 1125 1858 1161 quod
1879 1126 1905 1153 si
1928 1128 2031 1154 omnia
2055 1127 2191 1164 predicta

1224 1177 1313 1209 pater
1331 1174 1395 1209 ejus
1418 1182 1477 1202 non
1497 1175 1712 1211 observaverit,
1738 1182 1831 1205 morte
1850 1179 1893 1206 vel
1907 1179 1968 1206 alio
1983 1188 2053 1207 casu
2071 1181 2192 1208 contin-

1226 1229 1325 1262 9enle,
1360 1231 1493 1262 quatuor
1522 1227 1612 1256 milia
1639 1233 1665 1256 et
1693 1230 1896 1266 septingentas
1924 1239 2042 1259 marcas
2071 1232 2193 1268 aryenti

1228 1278 1366 1306 restituet
1381 1278 1505 1307 domino
1517 1288 1601 1317 pape,
1619 1289 1695 1317 quas
1708 1286 1796 1318 pater
1810 1283 1874 1318 ejus
1887 1283 2041 1319 predictas
2054 1293 2109 1321 pro
2123 1285 2194 1312 sub-

1228 1329 1309 1358 sidio
1328 1330 1415 1359 Terre
1429 1336 1530 1360 sancte
1546 1340 1562 1360 a
1584 1341 1704 1361 summo
1716 1334 1856 1370 pontifice
1876 1337 2025 1370 confessus
2039 1338 2100 1371 fuit
2117 1346 2195 1366 rece-

1226 1383 1317 1420 pisse.
1336 1383 1372 1411 Et
1388 1392 1443 1420 pro
1457 1384 1500 1412 sic
1521 1385 1704 1414 observando
1723 1386 1756 1414 de
1777 1387 1899 1416 lit-entia
1920 1392 1946 1416 et
1968 1389 2111 1418 mandato
2125 1398 2196 1427 prc-

1230 1434 1306 1464 dicti
1331 1436 1433 1472 patris
1463 1437 1513 1464 sui
1541 1438 1690 1474 presentis
1718 1438 1830 1467 ibidem
1857 1441 1994 1476 prefatus
2025 1442 2197 1477 Bonifatius

1231 1489 1338 1517 omnia
1359 1489 1435 1517 bona
1454 1497 1510 1518 sua
1533 1494 1559 1518 et
1578 1491 1679 1527 patris
1697 1492 1748 1519 sui
1769 1491 1883 1529 inteqre
1904 1493 2058 1530 obligavit.
2083 1494 2197 1522 Ibidem

1231 1540 1376 1569 dominus
1387 1541 1565 1577 Manfredus
1578 1542 1613 1571 de
1633 1543 1825 1579 Cavaliacha,
1846 1544 1907 1573 Hen
1914 1545 1996 1574 ricus
2008 1546 2147 1575 Bectutus
2163 1547 2198 1575 de

1234 1593 1384 1629 Taurino,
1411 1594 1592 1623 Guillelmus
1613 1595 1647 1624 de
1672 1595 1752 1625 Valle
1770 1597 1880 1634 Perga,
1909 1598 2031 1627 L‘bertus
2049 1599 2198 1628 Pilavici-

1232 1655 1319 1682 onim,
1338 1647 1464 1676 Jacobus
1478 1648 1652 1677 Saloaticus
1667 1649 1871 1685 Placentinus,
1891 1651 2034 1680 dominus
2049 1653 2202 1690 Ranyonis

1232 1690 1423 1735 Parmensis,
1451 1700 1620 1729 Guillemus
1637 1701 1671 1730 de
1688 1702 1818 1737 Perella,
1840 1703 2035 1740 Burqondius
2048 1705 2083 1733 de
2097 1710 2201 1734 sancto

1232 1752 1378 1787 Nazario,
1397 1752 1569 1790 Stephanus
1581 1753 1616 1782 de
1628 1754 1751 1789 Revello,
1773 1755 1896 1784 L'bertus
1910 1756 1945 1784 de
1958 1756 2135 1786 Castellucio
2145 1766 2202 1795 per

1233 1805 1339 1833 omnia
1358 1806 1569 1842 promiserunt
1585 1811 1611 1834 et
1632 1807 1663 1834 in
1679 1807 1819 1836 omnibus
1833 1808 2044 1845 obligaverunt
2060 1814 2092 1838 ut
2107 1810 2166 1839 Bon
2174 1810 2201 1838 i-

1232 1857 1331 1893 fatius
1349 1858 1546 1895 supradictus
1563 1859 1688 1896 prestito
1710 1868 1800 1896 super
1821 1860 1873 1889 hoc
1894 1862 2091 1898 corporaliter
2104 1863 2200 1899 jura-

1234 1915 1344 1940 mento.
1364 1912 1473 1940 Actum
1489 1912 1571 1948 apud
1587 1913 1807 1941 monasterium
1822 1913 1996 1949 Fructum„
2018 1915 2050 1943 in
2068 1915 2202 1944 claustro

1231 1964 1421 2001 presentibus
1433 1968 1459 1992 et
1476 1965 1587 1993 vocatis
1601 1965 1722 1993 testibus
1734 1964 1858 1994 domino
1870 1965 1972 1995 Ottone
1985 1967 2202 1996 Laudunensi²

1233 2017 1375 2054 episcopo,
1392 2018 1556 2054 presbitero
1571 2018 1657 2046 Petro
1673 2018 1837 2055 capellano,
1857 2019 1976 2048 Andrea
1991 2020 2083 2049 Cori-0
2095 2021 2202 2049 elerico

1233 2070 1383 2106 ejttsdem,
1414 2070 1575 2099 Guilielmo
1598 2071 1696 2099 scriba
1721 2072 1910 2100 marchionis
1935 2072 2078 2101 advocato
2102 2073 2201 2102 Pisto-

1234 2124 1340 2158 riensi,
1359 2123 1526 2152 Bertrando
1540 2123 1716 2152 Placentino
1732 2124 1766 2152 de
1779 2125 1871 2160 Ricol,
1888 2125 2011 2154 Petrino
2026 2126 2202 2155 Placentino

1235 2176 1270 2204 de
1285 2176 1426 2204 Abiasiis.
1448 2177 1508 2213 Ego
1522 2177 1676 2205 Albericus
1695 2176 1813 2205 domini
1835 2177 1954 2206 Octonis
1971 2179 2121 2215 quondam
2140 2179 2201 2206 irn-

1232 2229 1384 2266 peratoris
1409 2229 1549 2257 notarius
1573 2234 1599 2257 et
1623 2229 1770 2265 Inyinelli
1791 2229 1877 2265 filius
1898 2231 2038 2259 omnibus
2056 2231 2202 2268 predictis

1234 2282 1367 2317 interfui
1380 2286 1406 2310 et
1423 2286 1546 2318 royatus
1560 2282 1688 2309 scribere
1702 2282 1779 2309 (luas
1797 2282 1886 2310 istius
1900 2287 1926 2310 el
1942 2283 2071 2319 ejusdem
2090 2284 2202 2312 tenoris

1235 2339 1336 2363 cartas
1350 2335 1470 2371 scripsi.

1232 2499 1257 2524 1.
1273 2497 1393 2532 Abbaye
1409 2497 1443 2523 de
1461 2497 1617 2524 Fruitibres
1629 2519 1635 2531 ‚
1656 2498 1682 2524 Η
1708 2498 1825 2524 octobre
1845 2498 1921 2524 1-2-13.
1938 2512 1970 2517 —
1989 2497 2136 2530 Boniface,
2153 2497 2198 2522 fils

1195 2545 1233 2572 du
1245 2546 1373 2580 mun-quis
1384 2546 1418 2571 de
1430 2546 1596 2572 Monam-rat
1608 2545 1780 2575 Guiilaumc,
1793 2550 1819 2571 et
1831 2545 1926 2571 divers
1938 2551 2035 2571 autres
2046 2545 2199 2578 seigneux-s

1195 2594 1391 2628 garantissent
1408 2602 1462 2627 que
1480 2594 1504 2618 le
1527 2595 1654 2627 marquis
1675 2595 1778 2628 partim
1796 2603 1867 2628 pour
1883 2595 1907 2619 {a
1929 2593 2058 2619 croisade
2073 2593 2144 2618 dans
2160 2601 2197 2618 un

1195 2643 1267 2669 dfflai
1283 2643 1354 2673 fixo,
1370 2643 1385 2668 ὲ
1409 2642 1434 2667 la
1456 2642 1512 2667 tote
1529 2643 1563 2667 de
1579 2642 1733 2676 cinquaute
1751 2643 1895 2673 hommes,
1913 2650 1948 2667 ou
1965 2643 2071 2676 qu'une
2087 2649 2198 2667 somme

1195 2690 1231 2716 de
1256 2690 1337 2722 4500
1362 2698 1471 2720 mai-cs,
1495 2691 1509 2715 ὁ
1529 2690 1566 2715 lui
1590 2691 1686 2724 ρι’ἐιὸθ
1706 2698 1755 2724 par
1775 2690 1799 2715 le
1817 2698 1902 2724 pape,
1924 2698 1987 2716 sera
2007 2690 2142 2715 restituae
2162 2697 2197 2714 au

1195 2738 1320 2772 preteur.

1229 2785 1256 2811 2.
1274 2785 1390 2819 Evoque
1405 2785 1440 2810 de
1457 2784 1536 2810 Lodi.
