2392 3571
637 354 688 384 LE
710 355 857 385 LIBER
878 351 1115 384 CENSUUM
1137 351 1192 380 DE
1215 342 1401 382 L’tiGmSE
1424 354 1633 385 ROMAINE.
2131 359 2183 388 9*

124 419 322 456 obligationis
336 427 388 448 seu
407 419 605 449 conditionis.
624 421 660 449 Et
679 421 799 450 remisit
815 426 841 449 et
859 420 1054 449 renuntiavit
1070 422 1096 446 et

123 472 297 509 resignavit
313 472 366 501 hoc
382 471 506 501 domino
527 481 602 510 pape
623 473 802 502 Innocentio
818 474 865 502 III
879 478 905 502 et
919 477 1022 501 sancte
1038 472 1095 500 Ro-

125 532 216 553 mane
231 525 350 554 ecclesie
367 525 400 553 in
417 526 572 562 presentia
588 525 708 554 domini
723 526 871 563 Stephani
891 525 1022 563 ejusdem
1042 525 1095 554 do-

123 577 208 605 mini
219 585 298 614 pape
312 578 490 612 camerarii,
509 579 654 615 magistri
669 579 808 616 Philippi
825 579 953 612 notarii,
974 582 999 606 et
1016 577 1094 606 mul-

125 634 228 659 torum
244 631 381 659 aliorum
397 631 581 660 clericorum
598 632 738 660 militum
754 636 779 660 et
791 632 955 661 laicorum.
968 631 1003 659 Et
1016 631 1094 659 idem

123 682 269 710 dominus
281 691 363 719 papa
381 691 438 720 pro
458 692 487 711 se
504 691 540 712 ac
554 684 772 712 successoribus
788 684 852 712 suis
867 683 1003 721 predicto
1026 682 1094 710 Wil-

123 735 213 763 lelmo
235 735 359 772 Pagano
383 740 409 763 et
435 736 592 772 nepotibus
618 737 698 770 suis,
721 736 798 772 filiis
822 735 978 772 quondam
999 734 1094 763 Stulti

122 787 244 824 Pagani
257 788 327 824 jam
343 788 461 816 dictum
480 793 615 817 castrum
632 789 801 817 Falbaterie
815 789 959 817 concessit
979 788 1011 815 in
1026 788 1094 822 feu-

123 840 199 868 dum
214 849 309 877 usque
325 841 365 869 ad
381 841 513 877 triginta
529 850 637 870 novem
653 850 761 870 annos.
779 841 840 875 Ouo
854 846 983 878 tempore
995 845 1094 868 trans-

122 897 189 922 acto
202 898 337 922 castrum
357 894 436 922 illud
454 894 629 922 omnimodo
652 894 783 922 liberum
805 893 844 922 ad
863 893 1019 922 ecclesiam
1037 892 1094 920 Ro-

121 954 252 974 manam
275 946 387 974 redeat.
411 946 493 974 Idem
517 955 633 983 quoque
658 946 825 974 Willelmus
846 946 892 974 vel
913 953 1094 974 successores

122 999 222 1035 ipsius
239 998 273 1027 de
289 999 386 1027 eodem
407 1004 506 1028 castro
523 1000 586 1028 sint
600 999 640 1027 ad
655 998 837 1027 mandatum
856 999 973 1027 summi
987 998 1093 1034 ponti-

119 1051 188 1088 licis
202 1052 276 1088 qui¹
297 1061 327 1080 eo
344 1056 474 1089 tempore
490 1052 596 1087 fuerit,
615 1052 658 1080 ita
674 1051 753 1088 quod
771 1052 805 1079 in
819 1055 961 1088 potestate
977 1050 1094 1078 summi

117 1104 276 1142 pontificis
296 1105 336 1133 sit
356 1104 445 1141 finito
469 1109 598 1141 tempore
619 1108 781 1141 pretaxato
803 1104 845 1132 eis
870 1103 1027 1132 concedere
1047 1102 1094 1130 vel

120 1157 261 1192 auferre,
286 1161 312 1185 et
333 1157 413 1185 idem
442 1157 609 1185 Willelmus
632 1164 661 1185 se
686 1161 823 1185 castrum
849 1156 951 1191 ipsum
973 1155 1092 1183 ecclesie

120 1210 247 1238 nomine
262 1209 296 1238 de
311 1214 405 1238 cetero
422 1209 574 1246 possidere
593 1209 748 1245 promisit.
771 1209 807 1237 Et
822 1217 879 1245 pro
900 1208 957 1236 hac
972 1215 1092 1236 conces-

119 1263 204 1290 sione
216 1262 459 1298 quadringentas
475 1262 570 1290 libras
580 1262 815 1298 provesinorum
830 1265 954 1289 senatus
968 1259 1092 1288 domino

115 1323 195 1352 pape
205 1315 388 1351 persolvens,
402 1315 566 1343 servitium
581 1314 660 1351 quod
669 1322 727 1351 pro
740 1313 838 1342 eodem
850 1318 949 1342 castro
960 1313 1092 1341 Romane

118 1368 239 1396 ecclesie
253 1368 392 1396 exhibere
407 1368 580 1402 consuevit,
601 1367 724 1395 reddere
740 1367 926 1403 repromisit.
945 1366 1092 1394 Promisit

118 1421 247 1458 insuper
264 1420 343 1457 quod
357 1421 384 1449 si
399 1429 475 1457 quas
488 1421 686 1457 possessiones
703 1420 737 1448 de
757 1420 922 1448 tenimento
943 1418 1091 1455 Geperani

117 1475 166 1504 vel
181 1474 321 1503 aliarum
334 1475 558 1511 possessionum
580 1473 620 1502 ad
640 1473 797 1502 ecclesiam
818 1473 988 1501 Romanam
1007 1479 1090 1508 spec-

119 1527 257 1556 tantium
280 1527 441 1561 retineret,
471 1535 562 1563 super
590 1526 700 1563 quibus
726 1526 966 1562 inquietaretur,
997 1525 1090 1552 immo

117 1580 337 1609 conveniretur
351 1579 378 1607 si
393 1579 512 1608 clarum
530 1583 600 1608 esset
614 1579 652 1613 ei,
671 1578 750 1615 quod
768 1579 882 1616 inJ'uste
899 1582 1009 1606 teneret
1024 1578 1091 1606 sine

118 1633 327 1662 controversia
344 1632 494 1667 redderet;
510 1632 537 1660 si
552 1640 622 1660 vero
639 1640 702 1660 non
718 1635 788 1659 esset
804 1631 831 1659 ei
846 1631 978 1664 clarum,
991 1630 1090 1667 justi-

118 1685 197 1714 tiam
217 1685 256 1713 ad
271 1684 453 1713 mandatum
473 1684 594 1712 domini
610 1692 688 1721 pape
702 1683 794 1720 faciet
814 1684 860 1711 vel
879 1691 983 1712 coram
998 1691 1029 1711 eo
1043 1683 1091 1712 vel

116 1746 221 1768 coram
239 1738 303 1766 alio
318 1738 370 1766 cui
387 1737 531 1766 dominus
550 1745 633 1774 papa
648 1737 728 1765 vices
747 1744 818 1765 suas
838 1736 1038 1765 committeret
1054 1736 1089 1764 in

117 1791 175 1820 hac
194 1795 294 1828 parte.
317 1790 429 1819 Omnia
452 1798 521 1818 vero
543 1789 723 1827 supradicta
750 1789 786 1817 ab
812 1788 911 1817 eodem
941 1788 1089 1816 Willelmo

113 1844 270 1881 promissa
288 1844 414 1880 prestito
434 1844 611 1878 juramento
633 1842 785 1878 firmavit,
811 1846 837 1870 et
861 1841 1038 1878 fidelitatem
1063 1845 1090 1869 et

116 1896 231 1933 ligium
247 1896 425 1932 homagium
443 1896 568 1924 domino
581 1903 668 1932 pape,
685 1894 906 1923 successoribus
923 1894 988 1922 suis
1003 1898 1029 1922 et
1046 1901 1089 1922 cc-

115 1949 203 1978 clesie
214 1948 476 1984 Romanejuravit
489 1952 515 1976 et
525 1948 608 1983 fecit⁷
621 1948 708 1976 omni
720 1946 952 1983 beneficiojuris
965 1950 990 1974 et
1002 1946 1089 1974 omni

114 2001 285 2038 exceptioni
296 2002 418 2030 ratione
432 2002 478 2029 rei
496 2001 542 2029 vel
557 2008 683 2037 persone
697 2000 756 2028 sibi
774 1999 954 2036 competenti
969 2007 1088 2026 renun-

115 2054 233 2084 tiamto.
253 2054 393 2082 Preterea
406 2054 551 2090 promisit
573 2058 599 2082 et
617 2053 764 2090 obligavit
785 2061 814 2081 se
834 2053 866 2080 in
881 2060 993 2089 penam
1010 2059 1088 2088 qua-

113 2107 353 2144 dringenta-rum
388 2106 543 2135 librarum
575 2106 835 2143 provensinorum
872 2105 996 2133 domino
1022 2104 1088 2133 Ste-

109 2160 217 2198 phano
226 2159 358 2196 eJ'usdem
367 2159 433 2188 dom
441 2159 573 2196 inipape
582 2159 756 2188 camerario
765 2158 899 2195 legitime
909 2157 1086 2194 stipulanti,

113 2213 141 2242 si
156 2213 263 2242 omnia
278 2221 335 2249 que
347 2213 493 2249 promisit
509 2216 535 2240 et
553 2220 610 2249 que
620 2211 772 2249 premissa
787 2215 860 2239 sunt
875 2219 938 2239 non
953 2209 1088 2238 observa-

112 2271 170 2295 ret.
186 2266 227 2294 Hi
244 2266 454 2301 interfuerunt
470 2265 639 2293 :dominus
656 2264 824 2293 Riccardus
840 2263 932 2292 Reben
951 2263 985 2291 de
1006 2263 1089 2300 Cepe-

111 2327 191 2348 rano
208 2319 300 2352 testis,
318 2317 462 2346 dominus
479 2318 616 2346 Matheus
631 2317 665 2345 de
682 2317 810 2353 Morrejo
834 2317 924 2351 testis,
943 2315 1089 2344 domin-us

118 2371 287 2400 Willelmus
306 2371 339 2399 de
358 2371 433 2399 Sora
452 2371 544 2406 testis,
564 2370 709 2399 dominus
726 2370 833 2398 Petrus
853 2370 1016 2398 Mancinus
1036 2373 1088 2397 tes-

113 2425 168 2459 tis,
188 2423 332 2452 dominus
351 2424 456 2452 Petrus
476 2423 510 2452 de
530 2423 641 2452 Sancto
658 2423 808 2451 Germano
825 2423 920 2457 testis,
944 2422 1088 2451 dominus

110 2477 282 2512 Adenuls'us
303 2476 402 2505 Judea:
426 2476 522 2511 testis,
545 2476 690 2504 dominus
707 2476 845 2504 Andreas
865 2476 899 2504 de
919 2475 1088 2504 Caselverio

112 2530 204 2559 testis.

150 2583 212 2619 Ego
227 2583 380 2611 Johannes
398 2582 432 2610 de
447 2582 559 2610 Sancto
575 2581 752 2615 Laurentio,
772 2585 874 2610 sancte
890 2581 1023 2609 Romane
1038 2588 1086 2609 ec-

111 2636 200 2665 clesie
215 2635 416 2668 scriniarius,
436 2634 559 2671 scripsi,
577 2634 725 2670 complevi
741 2639 767 2662 et
782 2633 909 2662 absolvi.

105 2827 134 2854 1.
149 2826 212 2853 aod.
231 2833 300 2860 quo.

214 3071 300 3098 Lmssn
319 3070 460 3098 Censucx.
480 3083 518 3090 —
536 3069 560 3096 1.

1175 417 1216 447 V.
1230 434 1269 439 ·—
1281 419 1535 450 INSTRUMENTCM
1551 430 1589 450 DE
1604 430 1792 451 FIDELITATE
1804 431 1954 452 PRESTITA
1969 432 2088 453 DOMINO
2102 434 2180 454 PAPE

1216 480 1235 498 A
1252 479 1369 500 comm:
1388 472 1554 503 Rmcmmo
1572 482 1611 502 DE
1628 473 1713 503 SORA
1726 475 1747 502 ¹.

1255 603 1292 630 In
1310 604 1432 632 nomine
1448 604 1578 633 domini.
1597 607 1684 634 Anno
1707 607 1933 636 incarnationis
1954 609 2083 645 ejusdem
2108 610 2181 638 mil-

1216 654 1319 683 lesimo
1339 655 1542 685 ducentesimo
1568 658 1634 686 VIII
1651 659 1847 695 pontificatus
1868 669 1935 689 vero
1951 661 2070 689 domini
2084 662 2181 690 Inno-

1215 708 1309 735 centii
1330 708 1379 736 III
1399 717 1474 746 pape
1495 718 1577 737 anno
1598 710 1644 740 XI.
1673 711 1838 740 indictione
1861 713 1907 746 XI,
1933 722 2031 742 mense
2053 715 2183 743 octobris

1215 759 1262 787 die
1276 760 1320 788 ΓΙ.
1332 761 1405 789 Acta
1419 762 1541 798 publica
1553 763 1580 790 si
1593 763 1766 791 litterarum
1783 766 1923 793 memorie
1936 766 2049 794 tradita
2061 767 2181 801 fuerint

1215 812 1293 840 nube
1307 812 1495 851 obli[oi]onis
1510 820 1621 842 remota
1637 821 1781 852 perpetua
1799 818 1980 853 inspectione
1996 819 2178 847 clarescunt.

1217 864 1404 902 Quapropter
1430 875 1479 903 ego
1503 868 1655 896 Joltannes
1684 869 1717 896 de
1747 869 1857 897 Sancto
1887 871 2049 899 Laurentio
2078 877 2181 900 sancte

1214 917 1346 946 Romane
1362 920 1479 947 ecclesie
1494 921 1682 948 scriniarius
1700 921 1842 950 mandato
1864 927 1889 950 et
1907 928 2042 960 precepto
2060 924 2180 952 domini

1215 970 1390 999 Innocentii
1405 972 1452 1000 III
1461 980 1536 1008 pape
1545 974 1761 1009 jttramentum
1777 976 1937 1010 prestitum
1951 976 2042 1003 eidem
2057 976 2180 1005 domino

1213 1031 1298 1059 pape,
1314 1024 1533 1052 successoribus
1544 1026 1607 1053 suis
1619 1030 1644 1053 ct
1658 1027 1775 1054 ecclesie
1786 1027 1915 1055 Romane
1931 1028 1961 1055 in
1976 1029 2093 1064 palatio
2105 1029 2179 1065 epis-

1215 1078 1282 1114 copi
1303 1077 1461 1106 Ferentini
1485 1087 1503 1106 a
1528 1080 1634 1106 comite
1661 1080 1805 1108 Riccartlo
1829 1080 1862 1108 (Ie
1888 1081 1978 1113 Sora,
2007 1082 2084 1109 sicut
2116 1082 2179 1110 cidi

1213 1129 1359 1158 audiviet
1376 1131 1505 1165 interfui
1519 1131 1651 1167 publicis
1669 1132 1780 1160 litteris
1797 1133 1925 1160 scribere
1942 1135 2061 1161 curari.
2080 1134 2180 1162 Comes

1212 1183 1379 1211 Riccardus
1403 1183 1436 1211 de
1461 1184 1534 1212 Sora
1557 1184 1682 1220 juravit
1709 1184 1883 1220 fidelitatem
1914 1190 1939 1214 et
1969 1187 2038 1221 fecit
2068 1187 2177 1223 ligium

1212 1235 1392 1272 homagium
1408 1235 1531 1264 domino
1545 1244 1620 1273 pape
1638 1236 1824 1271 Innocentio,
1843 1238 2060 1267 successoribus
2075 1240 2138 1267 suis
2153 1245 2179 1268 et

1212 1289 1330 1316 ecclesie
1345 1289 1476 1316 Romane
1496 1289 1526 1316 in
1543 1290 1695 1325 presentia
1711 1289 1905 1317 dominorum
1922 1291 2073 1319 ‚Iohannis
2091 1292 2180 1319 Alba—

1211 1341 1325 1374 nensis,
1342 1341 1493 1369 Johannis
1508 1342 1695 1370 Sabinensis.
1706 1342 1826 1371 Nicolai
1842 1343 2017 1372 Tusculani.
2033 1344 2180 1379 Hugolini

1211 1393 1376 1422 Hostiensis
1405 1394 1549 1431 episcopi,
1579 1394 1698 1422 cinthii
1726 1395 1811 1423 tituli
1837 1395 1937 1423 sancti
1961 1395 2120 1423 Laurentii
2146 1397 2178 1424 in

1209 1445 1327 1474 Lucina
1339 1468 1345 1480 ,
1364 1446 1484 1475 Cintltii
1500 1447 1585 1474 tituli
1599 1451 1774 1475 sanctorum
1792 1447 1943 1475 Joltannis
1958 1452 1983 1475 et
2001 1448 2104 1477 Pauli.
2127 1449 2179 1476 Be-

1210 1499 1326 1528 nedicti
1343 1500 1428 1528 tituli
1443 1504 1544 1528 sancte
1562 1499 1712 1534 Susanne,
1731 1501 1850 1537 Rogerii
1867 1501 1951 1529 tituli
1965 1506 2067 1529 sancte
2081 1503 2180 1530 Anas-

1213 1553 1302 1587 tasie,
1339 1553 1420 1581 Petri
1450 1554 1535 1581 tituli
1563 1558 1666 1582 sancte
1698 1553 1904 1582 Pudentiane.
1935 1555 2177 1591 presbyterorum

1211 1605 1438 1639 cardinalium,
1464 1610 1490 1633 et
1517 1605 1668 1634 Johannis
1694 1610 1796 1634 sancte
1824 1606 1917 1634 Mario
1946 1607 1979 1634 in
2010 1607 2174 1642 Cosmidin,

1209 1663 1312 1695 sancte
1330 1658 1459 1686 Romane
1472 1658 1590 1686 ecclesie
1603 1659 1957 1692 cancella-rii‚.loltan71is
1971 1665 2072 1688 sancte
2084 1660 2178 1688 Marie

1212 1712 1244 1740 in
1265 1712 1317 1740 Via
1335 1712 1408 1745 lata,
1432 1711 1550 1748 Pelagii
1566 1716 1668 1740 sancte
1685 1711 1771 1740 Lucie
1789 1712 1821 1739 in
1837 1712 1950 1748 Septem
1970 1713 2054 1741 soliis
2073 1713 2177 1741 diaco-

1209 1773 1323 1792 norum
1346 1763 1576 1798 cardinalium,
1605 1764 1750 1792 Rainaldi
1775 1764 1894 1792 domini
1920 1773 1997 1801 pape
2020 1766 2125 1794 acoliti
2151 1770 2178 1794 et

1209 1817 1344 1846 aliorum
1362 1817 1511 1845 laicorum
1533 1817 1771 1853 subscriptorum
1794 1826 1848 1853 pro
1866 1817 1934 1845 Polo
1954 1822 1979 1845 et
2000 1818 2063 1845 alia
2083 1822 2175 1851 terra,

1210 1879 1266 1907 que
1285 1870 1357 1898 olim
1376 1870 1437 1902 suit
1455 1869 1585 1897 (ultionis
1602 1869 1635 1896 de
1652 1869 1732 1898 Polo.
1751 1878 1841 1905 quam
1864 1870 1922 1905 ipse
1943 1874 2028 1903 unct,
2049 1879 2080 1897 eo
2094 1871 2177 1898 salvo

1210 1922 1288 1960 quod
1310 1923 1336 1950 si
1358 1923 1465 1958 aliqua
1484 1930 1613 1958 persona
1634 1930 1691 1958 pro
1714 1922 1794 1949 dieta
1824 1926 1903 1949 terra
1930 1923 2046 1958 prefato
2072 1924 2178 1951 comiti

1210 1984 1327 2004 movere
1348 1976 1478 2004 voluerit
1503 1975 1700 2010 questionem,
1729 1975 1788 2011 ipse
1813 1983 1908 2003 comes
1931 1979 2069 2003 teneatur
2093 1976 2120 2003 ei
2145 1977 2177 2004 in

1210 2029 1299 2058 curia
1329 2028 1447 2056 ecclesie
1476 2028 1606 2055 Romane
1628 2027 1752 2063 justitie
1775 2027 1999 2063 plenitudinem
2028 2028 2175 2056 exhibere.

1210 2081 1346 2110 Ceterum
1364 2079 1397 2108 cle
1413 2085 1510 2108 castro
1534 2080 1624 2107 Vallis
1639 2080 1799 2113 Jtontonis,
1818 2079 1851 2107 tle
1867 2079 1968 2108 Succo.
1989 2079 2022 2107 de
2040 2080 2177 2108 Plumbi-

1209 2134 1303 2162 naria
1325 2133 1450 2170 juravit
1473 2133 1571 2168 facere
1596 2140 1740 2168 guerram
1767 2136 1792 2159 et
1813 2139 1916 2168 pacem
1944 2137 2049 2160 contra
2076 2141 2178 2161 omnes

1211 2187 1348 2215 homines
1364 2185 1403 2213 ad
1421 2185 1601 2213 mandatum
1620 2193 1735 2218 eorum,
1759 2189 1783 2212 et
1804 2184 1843 2212 ad
1861 2185 1915 2213 hoe
1931 2185 2048 2213 heredes
2064 2190 2090 2213 et
2106 2193 2176 2213 suc-

1211 2247 1336 2268 cessores
1358 2247 1426 2266 suos
1451 2239 1482 2266 in
1503 2242 1682 2274 perpetuum
1704 2237 1868 2274 obligai·it,·
1888 2237 1920 2265 de
1941 2238 2086 2265 comitatu
2111 2246 2178 2266 vero

1209 2292 1326 2321 Sorano
1343 2292 1467 2328 jurat-*it
1490 2291 1637 2319 similiter
1662 2291 1759 2325 facere
1783 2298 1927 2326 guerram
1956 2295 1981 2317 et
2005 2298 2107 2327 pacem
2139 2290 2178 2318 ad

1209 2344 1391 2373 mandatum
1422 2344 1570 2380 ipsorum,
1599 2343 1685 2371 salva
1708 2342 1854 2378 fidelitate
1875 2347 1901 2370 et
1925 2343 2007 2370 sati-o
2035 2342 2178 2371 mandato

1209 2397 1289 2434 regis
1310 2396 1426 2429 Sicilie,
1456 2400 1481 2423 et
1509 2395 1585 2422 idem
1612 2394 1754 2422 (lominus
1775 2402 1855 2430 papa
1883 2394 2039 2422 investivit
2061 2394 2178 2423 dictum

1210 2450 1347 2478 comitem
1364 2456 1418 2485 per
1433 2456 1558 2484 cappam
1577 2451 1750 2483 argenteam
1773 2446 1970 2478 deauratam,
1987 2446 2177 2482 presentibus

1208 2507 1234 2531 et
1257 2500 1512 2530 consentientibus
1535 2504 1560 2528 et
1581 2499 1818 2536 approbantibus
1841 2499 1982 2526 omnibus
1999 2500 2177 2535 prescriptis

1207 2555 1362 2592 episcopis,
1378 2554 1569 2590 presbyteris.
1590 2553 1768 2580 diaconibus
1784 2551 2005 2579 cardinalibus.
2024 2556 2049 2579 et
2067 2552 2176 2587 injun-

1205 2608 1345 2645 gentibus
1360 2607 1438 2635 milii
1451 2606 1631 2638 scriniario,
1649 2610 1681 2633 ut
1700 2604 2099 2641 hujusmodijuramentum
2117 2612 2176 2639 pu-

1207 2661 1293 2690 blicis
1315 2660 1426 2688 litteris
1446 2667 1617 2687 exararem.
1640 2658 1692 2685 Hii
1715 2657 1922 2691 interfuerunt
1942 2656 1972 2683 in
1991 2656 2105 2692 palatio
2122 2655 2176 2684 Fe-

1208 2714 1326 2742 rentini
1340 2721 1441 2741 coram
1455 2711 1577 2739 domino
1587 2719 1676 2747 papa,
1694 2709 1846 2746 episcopis,
1863 2708 2052 2745 presbyteris.
2071 2708 2174 2736 diaco-

1206 2766 1297 2795 nibus
1310 2765 1522 2794 cardinalibus
1533 2763 1636 2791 domin
1644 2771 1676 2790 us
1689 2762 1834 2795 Lotert'us,
1850 2761 1993 2789 dominus
2005 2760 2175 2797 Stephanus

1202 2955 1226 2980 1.
1243 2954 1258 2980 6
1274 2954 1391 2980 octobre
1411 2952 1484 2979 ¹203.
1505 2966 1536 2971 -—
1554 2951 1700 2984 Mutuum-i,
1718 2952 1795 2984 Ant,
1813 2955 1831 2977 t.
1854 2950 1886 2980 V.
1907 2960 1933 2985 p.
1952 2951 2020 2981 84&
2037 2951 2175 2982 Tha-incr,

1167 3002 1230 3030 eod.
1248 3002 1329 3036 dipl„
1348 3009 1378 3027 n⁰
1394 3001 1436 3028 53.

2009 3060 2031 3086 C
