2392 3571
654 349 703 377 LE
727 349 872 378 LIBER
894 345 1127 377 ansUUM
1154 344 1206 373 DE
1232 335 1415 375 tamisa
1440 347 1646 377 nomme.
2147 350 2196 377 51

141 422 237 447 nare,
265 417 295 442 et
323 412 483 443 catholice
513 413 589 443 fidei
615 414 915 452 perseverabilitati
945 411 1108 442 connecti.

140 466 218 495 Per.
237 469 298 494 etc.
320 466 424 494 Oratio
447 471 512 503 post
530 467 663 495 anulum
682 467 788 496 clatum
806 477 815 495 :
837 468 926 496 Deus
945 466 1039 504 cujus
1061 470 1110 495 est

139 517 248 547 omnis
265 522 409 555 potestas
428 523 458 548 et
474 518 630 556 dignitas,
649 519 688 548 da
705 519 828 548 famulo
846 524 900 548 tuo
917 527 1108 557 prosperum

139 579 200 600 sue
212 570 385 608 dignitatis
398 572 562 607 effectum,
574 572 608 601 in
620 582 683 610 qua
697 577 726 601 te
739 577 972 601 remunerante
985 580 1108 609 perma-

140 627 228 658 neat,
247 632 442 662 semperque
463 628 583 659 teneat,
605 625 730 663 tibique
744 625 869 663 jugiter
886 624 1013 662 placere
1031 632 1109 653 con-

138 676 263 705 tendat.
283 677 356 711 Per,
373 678 502 707 etc.H1'c
518 679 616 715 cittqit
633 687 699 707 eum
716 679 818 715 (stadio
832 683 858 706 ct
874 678 947 706 dicit
963 687 971 704 :
988 676 1108 714 Accipe

138 728 227 757 hunc
241 728 387 766 gladium
401 738 473 758 cum
492 730 550 759 Dei
567 730 798 760 bencdictione
816 730 875 759 tihi
893 729 1059 762 collatum,
1073 728 1106 757 in

137 789 203 819 quo
220 790 276 819 per
293 781 449 811 virtutem
469 782 613 820 Spiritus
633 782 745 812 Sancti
765 782 920 811 resistere
942 786 971 811 et
989 781 1107 819 ejicere

136 842 252 863 omnes
266 834 420 863 inimicos
439 839 511 863 tuos
526 834 635 864 valeas
652 839 681 864 et
699 839 834 864 cunctos
849 839 961 863 sancte
978 833 1038 863 Dei
1055 842 1108 862 ec-

135 886 237 916 clesie
259 887 482 921 adversarios,
508 897 714 926 regnumque
739 887 799 917 ‘tihi
825 887 1039 916 commissum
1056 890 1108 915 tu-

136 940 200 969 tari
223 944 320 978 atque
339 945 508 978 protegere
525 944 633 970 castra
649 941 725 975 Dei,
744 950 801 978 per
824 940 984 970 auxilium
1002 938 1107 968 invic-

138 992 260 1021 tissimi
285 993 535 1031 triumphatoris
559 993 684 1022 domini
711 993 815 1022 nostri
840 992 939 1022 Ihesu
963 991 1105 1024 Christi,

134 1044 193 1083 qui
219 1054 293 1074 cum
323 1046 419 1075 Patre
449 1045 484 1074 in
510 1045 637 1075 unitate
663 1045 807 1083 Spiritus
836 1045 948 1074 Sancti
972 1044 1053 1073 vivit
1077 1047 1107 1073 et

134 1102 251 1134 regnat
274 1098 308 1126 in
330 1098 441 1127 secula
465 1097 662 1127 seculorum.
688 1099 804 1127 Amen.
826 1098 930 1126 Oratio
949 1102 1013 1134 post
1039 1098 1107 1134 yla—

134 1150 223 1178 dium
245 1160 255 1178 .·
279 1151 368 1179 Deus
394 1150 450 1188 qui
473 1150 680 1188 providentia
709 1154 764 1179 tua
791 1150 926 1179 celestia
949 1148 1049 1179 simul
1076 1153 1106 1177 et

135 1206 268 1232 terrena
292 1203 490 1232 moderaris.
515 1203 695 1241 propitiare
718 1203 999 1232 christianissimo
1023 1203 1105 1239 Regi

134 1259 262 1289 nostro,
286 1260 322 1285 ut
344 1255 452 1285 omnis
475 1255 621 1285 hostium
646 1265 780 1285 suorum
803 1256 961 1285 fortitudo
988 1256 1105 1284 virtute

132 1307 236 1345 gladii
262 1307 429 1345 spirituali
454 1308 641 1345 frangatur,
661 1313 758 1346 atque
782 1318 839 1346 pro
862 1308 918 1337 illo
939 1312 1105 1345 pus-inante

130 1359 266 1398 penitus
283 1365 483 1389 conteratur.
501 1362 557 1390 Hic
573 1366 745 1389 coronetur.
767 1362 849 1390 Tunc
865 1362 1105 1390 arclmssdiaconus

131 1413 266 1449 accipiat
289 1421 431 1441 coronam
457 1413 490 1441 de
513 1414 610 1441 altari
633 1415 734 1442 sancti
754 1414 897 1442 Maurilii
919 1419 945 1442 et
964 1414 1105 1450 porriyat

131 1466 257 1494 domino
277 1475 368 1503 pape,
387 1475 478 1503 quam
499 1475 566 1495 cum
593 1467 736 1495 dominus
756 1476 837 1504 papa
859 1460 993 1504 posuerit
1015 1475 1105 1504 super

131 1523 223 1556 caput
237 1519 340 1553 Electi,
359 1519 440 1547 dicat
455 1520 535 1548 hanc
551 1520 719 1548 orationem
733 1519 875 1557 :Accipe
892 1519 1023 1556 signum
1039 1519 1103 1556 glo-

130 1571 181 1600 rie
204 1571 238 1615 111
268 1570 402 1600 nomine
426 1571 534 1601 Patris
557 1577 587 1601 ct
605 1571 681 1601 Filii
700 1575 730 1601 et
755 1571 898 1610 Spiritus
922 1572 1049 1605 Sancti.
1068 1575 1104 1600 ut

131 1628 243 1662 spreto
260 1623 396 1662 antiquo
413 1623 507 1654 hoste
524 1625 710 1662 spretisque
723 1624 886 1661 contagiis
898 1624 1046 1653 omnium
1060 1624 1105 1653 vi-

131 1677 270 1710 tiorum,
292 1677 339 1705 sic
352 1677 516 1715 judicium
536 1681 566 1706 et
586 1677 752 1716 justitiam
766 1677 901 1714 diligas,
923 1681 953 1706 et
972 1677 1016 1706 ita
1040 1677 1103 1705 mi-

131 1729 345 1759 sericorditer
362 1729 469 1764 vivas,
493 1734 528 1759 ut
553 1730 593 1759 ab
615 1730 686 1768 ipso
711 1730 844 1759 domino
867 1734 979 1759 nostro
1002 1730 1102 1760 lhesu

130 1782 266 1812 Christo
290 1782 324 1810 in
351 1783 517 1811 consortio
545 1787 735 1812 sanctorum
761 1783 866 1812 eterni
894 1783 987 1820 regni
1010 1792 1102 1812 coro-

131 1843 209 1864 nam
233 1834 406 1872 percipias.
429 1835 493 1871 Qui
512 1844 585 1864 cum
605 1836 717 1870 Patre,
739 1840 800 1865 etc.
820 1837 977 1873 Impositio
995 1845 1102 1865 corone

127 1897 220 1925 super
243 1893 334 1925 caput
350 1889 470 1925 Reyine.
491 1889 587 1922 Quam
610 1897 680 1917 cum
702 1889 832 1926 imponit
852 1889 995 1918 dominus
1012 1898 1103 1926 super

126 1946 220 1978 caput
236 1941 300 1978 ejus
319 1942 479 1977 imponant
500 1950 613 1970 manus
628 1947 737 1978 septem
755 1943 886 1979 episcopi
902 1947 927 1970 ct
950 1942 1031 1971 [licat
1049 1942 1101 1971 do-

125 1995 235 2023 minus
257 2003 336 2031 papa
355 1995 419 2022 alta
436 2003 519 2029 voce,
539 1999 647 2031 septem
666 1996 797 2032 episcopi
818 2000 936 2024 taceant
955 2005 961 2022 :
981 1994 1100 2032 Accipe

126 2056 283 2077 coronam
306 2046 429 2084 regalis
451 2046 661 2083 excellentie,
685 2056 748 2085 que
771 2046 849 2077 licet
873 2047 913 2076 ab
938 2047 1098 2085 indignis,

126 2099 358 2137 episcoporum
385 2103 493 2129 tamen
519 2099 675 2129 manibus
700 2099 800 2137 capiti
829 2104 882 2129 tuo
905 2100 1096 2138 imponitur.

126 2152 225 2183 Unde
248 2151 337 2181 velut
360 2151 420 2182 hec
441 2152 586 2181 exterius
613 2161 692 2182 auro
718 2156 767 2182 est
794 2156 825 2182 et
851 2152 990 2190 gemmis
1012 2153 1100 2182 redi-

125 2204 225 2238 mita,
254 2204 301 2233 ita
332 2209 364 2233 tu
394 2204 537 2234 interius
568 2213 648 2234 auro
681 2204 844 2242 sapientie
872 2205 1099 2243 virtutumque

126 2257 267 2295 gemmis
287 2257 436 2288 decorari
460 2258 655 2291 contendas,
674 2258 833 2296 quatinus
854 2262 926 2295 post
946 2267 1098 2287 occasum

124 2310 227 2348 hujus
260 2310 364 2340 seculi
393 2320 468 2340 cum
500 2311 720 2348 prudentibus
753 2311 941 2349 virginibus
978 2320 1099 2349 sponso

124 2362 289 2402 perhenni
306 2363 439 2392 domino
457 2367 569 2392 nostro
586 2363 686 2393 Ihesu
704 2363 838 2393 Christo
855 2363 953 2399 digne
975 2368 1005 2393 et
1026 2364 1099 2393 lau-

124 2415 281 2445 dabiliter
297 2424 450 2445 occurras
466 2416 670 2454 januamque
687 2415 819 2446 celestis
839 2417 933 2453 regni
953 2426 1026 2446 cum
1044 2426 1098 2446 eo-

123 2468 199 2498 dem
216 2468 347 2505 ingredi
363 2468 534 2503 merearis,
554 2468 610 2506 qui
628 2477 702 2498 cum
721 2470 788 2498 Deo
806 2470 903 2499 Patre
924 2475 953 2499 et
972 2469 1097 2507 Spiritu

124 2521 246 2551 Sancto
264 2521 343 2549 vivit
360 2525 391 2550 et.
409 2525 523 2557 regnat
541 2521 630 2550 Deus
647 2530 705 2558 per
724 2521 857 2551 infinita
874 2521 984 2551 secula
1003 2531 1097 2551 secu·

122 2574 244 2604 lorum.
262 2575 380 2604 Amen.
398 2575 453 2602 Hit·
469 2574 515 2602 det
537 2574 681 2603 dominus
702 2583 782 2611 papa
798 2580 948 2611 sceptrum
973 2576 1098 2612 imperii

122 2632 150 2656 et
168 2628 250 2655 dicat
271 2637 280 2654 .·
300 2626 420 2664 Accipe
444 2630 622 2664 sceptrum,
641 2627 730 2664 regie
747 2627 920 2664 potcstatis
945 2627 1094 2664 insigne,

121 2679 251 2717 virgam
271 2679 399 2708 scilicet
415 2683 537 2708 rectam
554 2679 664 2716 regni,
684 2679 811 2716 virgam
830 2679 963 2708 virtutis
980 2688 1043 2717 qua
1066 2683 1095 2709 te

121 2732 233 2770 ipsum
258 2732 341 2761 hene
361 2740 472 2768 regas,
497 2735 646 2760 sanctam
667 2731 842 2761 ecclesiam
872 2731 1095 2769 populumque

121 2784 345 2814 christianum
363 2784 422 2813 tibi
441 2793 458 2813 a
481 2784 548 2813 Deo
565 2783 779 2813 commissum
801 2783 892 2821 regia
916 2784 1037 2813 virtute
1055 2783 1095 2813 al)

119 2838 284 2876 improbis
303 2837 472 2871 defendas,
494 2846 610 2874 pravos
627 2837 785 2873 corrigas,
804 2841 911 2866 rectos
928 2836 1092 2874 pacifices,

120 2896 153 2922 et
169 2895 204 2921 ut
222 2891 308 2920 viam
325 2895 446 2920 rectam
469 2894 581 2919 tenere
602 2889 731 2927 possint
752 2893 806 2919 tuo
823 2889 995 2928 juvamine
1012 2889 1094 2917 diri-

118 2951 190 2981 gas,
209 2942 367 2981 quatinus
384 2942 423 2971 de
441 2941 614 2980 temporali
630 2950 732 2979 regno
749 2941 789 2970 ad
805 2945 956 2970 eternum
977 2949 1092 2979 perve-

118 2995 208 3030 nias,
227 2995 298 3032 ipso
316 2995 493 3033 adjuvante
510 2994 604 3033 cujus
620 3002 759 3031 regnum
777 2997 808 3023 et
824 2993 1000 3031 imperium
1019 2993 1092 3022 sine

224 3061 309 3087 Lmssn
329 3060 469 3087 Ceusuuu.
491 3073 527 3080 -
546 3059 570 3086 I.

1232 410 1296 439 fine
1329 417 1498 449 permanet
1524 414 1556 442 in
1585 414 1696 443 secula
1721 413 1918 443 seculorum.
1948 415 2063 443 Amen.
2093 417 2196 444 (natio

1230 468 1294 500 post
1305 464 1408 492 (latum
1419 471 1568 502 sceptrum
1583 466 1767 500 :Omniunn
1784 467 1933 496 Domine.
1950 467 2022 495 sons
2036 467 2193 496 honorum

1232 520 1501 555 cunctorumque,
1531 519 1629 554 Deus,
1654 518 1823 547 institutor
1849 520 2067 556 profectuum.
2088 520 2194 549 tribue

1232 577 1413 606 quesumus
1427 570 1550 599 famulo
1568 575 1622 599 tuo
1640 571 1679 599 N.
1698 571 1845 609 adeptam
1866 571 1946 601 hene
1965 572 2195 608 νημαι-041114111-

1232 624 1329 649 tatem
1355 626 1385 650 et
1409 632 1426 650 a
1451 626 1480 651 te
1507 623 1570 651 sihi
1597 623 1768 660 prestitum
1798 623 1955 653 honorem
1984 624 2194 653 corroborare

1231 672 1384 709 dignare;
1410 674 1591 704 honorifica
1613 685 1685 704 curn
1714 686 1767 713 pre
1789 677 1915 705 cunctis
1939 677 2071 713 ref-filius
2097 682 2192 707 terre.

1230 724 1324 754 uberi
1344 735 1418 755 cnm
1443 727 1670 757 benedictione
1694 729 1868 766 locupleta,
1889 734 1918 758 et
1942 729 1974 757 in
1995 729 2077 758 solio
2102 731 2192 765 reg-'ni

1230 777 1325 806 firma
1352 778 1531 808 stabilitate
1562 780 1740 809 consolida.
1769 781 1875 809 Visita
1899 790 1970 809 enm
2001 781 2032 809 in
2065 782 2190 816 sobole,

1230 835 1340 867 presta
1363 830 1391 859 ci
1420 831 1640 868 prolixitatem
1667 832 1747 867 vite,
1773 833 1805 861 in
1833 833 1948 861 ilii-lius
1972 834 2041 871 ejus
2066 843 2195 871 semper

1230 882 1510 921 oriatnrjustitia,
1532 888 1565 912 ut
1588 894 1660 913 cum
1675 885 1882 922 jummdnao·
1905 891 1935 914 et
1958 885 2063 915 letitia
2081 891 2194 915 eterno

1230 934 1389 971 glorietur
1406 935 1438 963 in
1458 945 1568 971 regno.
1589 937 1649 965 Per
1666 936 1845 965 (lominum.
1865 942 1925 965 etr.

1269 988 1334 1015 Post
1352 988 1403 1015 her:
1425 988 1568 1016 domium
1587 998 1665 1025 papa
1689 998 1757 1016 (¹117st
1781 991 1845 1017 suis
1870 992 2021 1018 ministris
2043 991 2081 1018 ad
2097 992 2194 1019 altare

1229 1040 1306 1068 beati
1325 1041 1406 1068 Part
1423 1042 1598 1069 reuertitur.
1620 1042 1701 1069 Tunc:
1726 1043 1875 1077 I'i·efe‹·lus
1895 1043 1978 1071 I'rliis
1999 1049 2023 1071 (ἰ
2046 1044 2192 1072 l’rimice-

1228 1094 1296 1120 rius
1312 1093 1455 1129 judicum
1475 1093 1623 1122 danicam
1645 1095 1867 1130 imperatorem.
1888 1096 2109 1131 imprralririm
2128 1105 2194 1124 vcro

1228 1145 1379 1181 Profectus
1405 1147 1564 1173 navalium
1594 1151 1618 1174 et
1643 1146 1876 1175 Secitndicerizts
1897 1148 2053 1183 judicum.
2082 1149 2194 1181 (litibus

1230 1198 1262 1226 in
1279 1199 1351 1226 locis
1366 1199 1507 1234 szcixjam
1525 1200 1686 1229 stantibus.
1705 1199 1847 1227 (lominus
1864 1209 1941 1236 papa
1962 1201 2070 1236 incipi!
2087 1210 2096 1227 .·
2115 1199 2192 1229 (zlo-

1228 1249 1279 1278 ria
1305 1249 1339 1278 in
1362 1250 1500 1279 excelsis
1525 1251 1604 1279 Deo.
1633 1252 1667 1279 Et
1689 1253 1767 1280 scola
1797 1253 1960 1288 respondet.
1987 1253 2095 1280 Deinde
2119 1253 2193 1281 dicit

1228 1303 1308 1331 hauc
1330 1304 1497 1330 orationem
1517 1313 1526 1330 .·
1545 1304 1631 1332 Deus
1656 1312 1831 1340 regnorum
1856 1304 2019 1337 omnium,
2045 1309 2104 1333 etc.
2130 1308 2192 1338 (lull

1227 1356 1318 1392 finita
1338 1356 1582 1384 Archidtaconus
1606 1365 1673 1384 cum
1698 1358 1802 1385 celeris
1817 1358 1931 1393 palatii
1956 1358 2148 1386 ‹Iinroniluts.
2168 1363 2192 1386 et

1227 1408 1410 1436 I’rimicerio
1426 1412 1451 1436 et
1468 1409 1662 1437 subdiaconis
1682 1410 1760 1437 inler
1779 1418 1896 1437 crucem
1915 1415 1939 1437 rt
1962 1411 2059 1438 altare
2083 1411 2192 1447 incipit

1227 1461 1281 1489 has
1308 1461 1411 1489 laudes
1439 1472 1447 1489 :
1474 1461 1611 1495 Exaudi,
1633 1461 1776 1491 Christe.
1800 1464 1886 1491 scola
1912 1472 1978 1491 cum
2006 1465 2135 1491 notariis
2160 1464 2191 1491 ιή

1227 1513 1316 1542 choro
1343 1514 1497 1550 respondet
1519 1524 1528 1541 .·
1552 1513 1692 1542 Domino
1719 1519 1830 1543 nostro
1855 1514 1891 1544 C.
1923 1524 1940 1543 a
1968 1515 2035 1543 Deo
2063 1515 2192 1544 decreto

1227 1575 1355 1595 summo
1373 1566 1526 1596 Pontifici
1543 1571 1574 1595 et
1599 1567 1781 1596 universali
1808 1576 1886 1604 pape
1907 1568 1983 1597 vita.
2004 1569 2037 1596 Et
2062 1569 2115 1597 hoc
2137 1573 2189 1596 ter.

1224 1620 1341 1648 Iterum
1369 1619 1443 1648 dicit
1470 1620 1713 1648 Archidiaconus
1745 1630 1812 1649 cnm
1841 1622 2036 1649 cantantibus
2065 1623 2159 1649 simul
2182 1631 2192 1648 .-

1221 1671 1364 1705 Exaudi,
1382 1671 1524 1702 Christe.
1546 1673 1580 1700 Et
1596 1674 1675 1701 scola
1691 1682 1758 1701 cnm
1780 1674 1910 1701 notariis
1931 1674 2082 1710 respondet
2100 1684 2108 1701 :
2126 1674 2191 1702 Do-

1225 1724 1315 1753 mino
1333 1728 1443 1753 nostro
1460 1733 1478 1753 a
1495 1725 1562 1753 Deo
1578 1729 1732 1753 coronato
1752 1734 1869 1762 magno
1886 1730 1917 1754 ct
1933 1726 2068 1763 pacifico
2086 1726 2191 1763 impe-

1224 1776 1327 1806 ratori
1343 1776 1410 1805 vita
1426 1781 1456 1806 et
1473 1777 1621 1806 victoria.
1636 1779 1732 1806 tribus
1751 1779 1875 1806 vicibus.
1890 1778 2026 1811 Exaudi.
2045 1778 2186 1808 Christe.

1224 1829 1364 1859 Domine
1382 1834 1492 1858 nostre
1509 1830 1549 1859 N.
1563 1830 1634 1868 ejus
1648 1830 1779 1868 conjugi
1797 1830 2072 1860 excellentissime
2090 1831 2189 1868 impe-

1224 1882 1337 1911 ratrici
1350 1882 1427 1916 vita,
1443 1883 1539 1911 tribus
1555 1884 1680 1911 vicibus.
1696 1884 1766 1911 Item
1785 1894 1794 1911 .·
1812 1884 1948 1912 Exaudi.
1963 1883 2105 1913 Christe.
2124 1885 2190 1912 Res-

1222 1935 1384 1972 pondetur.
1399 1935 1566 1964 Exercitui
1578 1936 1726 1964 Romano
1740 1940 1768 1965 et
1781 1936 1984 1965 Theutonico
1999 1937 2062 1965 vita
2080 1941 2108 1965 et
2127 1937 2189 1966 vic-

1224 1987 1318 2021 toria,
1339 1989 1434 2016 tribus
1451 1989 1579 2017 vicibus.
1598 1989 1669 2016 Item
1689 1999 1698 2016 :
1719 1987 1868 2017 Salvator
1883 1989 2010 2017 mundi.
2031 1990 2190 2026 [imponde-

1225 2045 1276 2069 tur
1299 2050 1308 2068 .·
1333 2041 1380 2069 Tu
1407 2039 1482 2069 illos
1509 2040 1643 2079 adjuva,
1675 2046 1729 2069 ter.
1758 2042 1830 2070 Item
1858 2051 1867 2069 .·
1891 2042 2008 2071 Sancte
2036 2041 2188 2071 Michacl.

1223 2094 1256 2122 R.
1280 2094 1328 2122 Tu
1350 2093 1425 2122 illos
1445 2093 1578 2132 adjuva,
1605 2099 1658 2122 ter.
1686 2094 1803 2123 Sancte
1827 2094 1972 2124 Gabriel.
1992 2096 2024 2123 Ji.
2049 2095 2095 2123 Tu
2115 2094 2190 2124 illos

1223 2145 1359 2184 adjuva,
1380 2151 1433 2174 ter.
1452 2146 1570 2175 Sancte
1596 2145 1754 2183 Raphael.
1774 2148 1804 2175 R.
1822 2147 1869 2175 Tu
1886 2146 1960 2175 illos
1980 2146 2114 2184 adjuva.
2134 2152 2187 2175 ter.

1223 2198 1342 2229 Sancte
1360 2199 1466 2228 Petre.
1487 2199 1516 2227 R.
1534 2199 1581 2228 Tu
1606 2198 1680 2228 illos
1698 2199 1832 2237 adjuva,
1852 2204 1906 2227 ter.
1931 2199 2048 2228 Sancte
2075 2199 2186 2228 Paule.

1222 2253 1254 2281 R.
1275 2252 1322 2281 Tu
1340 2251 1415 2280 illos
1433 2251 1566 2290 adjuva,
1589 2257 1642 2280 ter.
1662 2252 1780 2281 Sancte
1797 2252 1978 2281 Johannes.
2000 2254 2032 2281 R.
2050 2253 2097 2281 Tu
2115 2252 2189 2281 illos

1222 2304 1356 2343 adjuva,
1376 2309 1429 2332 ter.
1449 2304 1567 2333 Sancte
1585 2304 1734 2340 Gregori.
1758 2305 1789 2333 R.
1807 2305 1855 2333 Tu
1877 2303 1952 2333 illos
1976 2304 2110 2342 adjuva.
2133 2309 2184 2332 ter.

1222 2357 1341 2386 Sancte
1362 2356 1513 2385 Maurici.
1535 2357 1567 2385 R.
1585 2357 1632 2385 Tu
1649 2356 1724 2385 illos
1743 2356 1870 2394 adjuva,
1892 2362 1945 2385 ter.
1965 2357 2083 2386 Sancte
2101 2357 2188 2385 Mer-

1221 2409 1303 2438 curi.
1321 2410 1353 2437 R.
1371 2409 1418 2438 Tu
1432 2408 1507 2438 illos
1525 2408 1653 2447 adjuva,
1669 2414 1722 2437 [er.
1738 2408 1892 2438 Christus
1906 2408 2019 2442 vincit.
2034 2408 2186 2438 Christus

1221 2466 1347 2500 regnat,
1363 2461 1517 2491 Christus
1532 2459 1680 2499 imperat.
1701 2462 1884 2498 Respondent
1899 2463 1957 2490 atii
1969 2462 2114 2489 similiter
2131 2467 2188 2490 ter.

1222 2515 1302 2552 Spes
1333 2519 1453 2543 nostra.
1486 2515 1516 2543 Ji.
1547 2513 1701 2544 Christus
1729 2514 1842 2542 vincit.
1875 2513 1970 2543 Salus
2001 2518 2123 2542 nostra.
2154 2515 2184 2542 R.

1220 2567 1374 2598 Christus
1399 2567 1510 2596 vincit.
1532 2567 1679 2596 Victoria
1701 2570 1823 2595 nostra.
1846 2568 1876 2595 B.
1894 2566 2047 2596 Christus
2072 2566 2185 2594 vincit.

1220 2621 1334 2650 Honor
1346 2624 1468 2649 noster.
1487 2621 1517 2648 li.
1536 2618 1688 2649 Christus
1704 2618 1816 2647 vincit.
1836 2619 1950 2647 Murus
1968 2623 2078 2647 noster
2094 2618 2186 2647 inex-

1219 2672 1423 2711 pugnabilis.
1439 2674 1470 2701 R.
1484 2672 1637 2702 Christus
1656 2672 1769 2700 vincit.
1786 2672 1871 2700 Laus
1889 2675 2011 2700 nostra.
2025 2672 2056 2699 It.
2070 2671 2186 2701 Chris-

1219 2730 1272 2755 tus
1300 2725 1414 2755 vincit.
1441 2724 1643 2762 Triumphus
1672 2728 1794 2753 noster.
1826 2725 1856 2753 Il.
1889 2723 2042 2753 Christus
2070 2723 2184 2752 vincit.

1218 2779 1286 2817 Ipsi
1306 2778 1377 2807 laus
1394 2777 1499 2807 honor
1521 2782 1550 2806 et
1569 2777 1744 2814 imperium
1770 2785 1827 2814 per
1850 2776 2049 2805 immortalia
2074 2775 2185 2805 secula

1218 2831 1416 2862 seculorum.
1437 2832 1550 2859 Amen.
1570 2831 1632 2858 Hac
1650 2830 1738 2858 laude
1755 2830 1857 2866 finita,
1879 2830 1991 2866 lryinir
2009 2831 2142 2866 epistola,
2159 2835 2185 2858 el

1217 2889 1364 2914 canlatitr
1388 2884 1536 2920 graduale
1562 2888 1587 2911 et
1618 2883 1756 2911 alleluia.
1788 2883 1852 2910 Post
1880 2891 1936 2919 que
1962 2883 2131 2919 Imperator
2160 2887 2186 2910 et

1215 2938 1404 2974 Imptratria·
1423 2936 1576 2973 deponunt
1597 2944 1733 2964 coronas.
1755 2935 1836 2963 Tunc
1852 2935 1964 2971 legitur
1978 2936 2183 2971 eranyelium.

1216 2991 1282 3019 Post
1303 2990 1382 3027 quod
1405 2991 1571 3026 imperator
1586 2989 1706 3026 deponit
1729 2988 1867 3025 gladium
1888 2993 1912 3016 ct
1933 2988 2067 3017 ascendit
2088 2988 2127 3016 ad
2144 2997 2186 3016 se-

2023 3053 2044 3078 13
