2392 3571
701 344 750 372 LE
774 344 920 373 LIBER
943 340 1175 373 CENSUUM
1200 341 1254 370 DE
1278 332 1462 372 12'153Gmsm
1487 344 1694 375 ROMAINE.
2187 347 2244 376 259

188 408 345 438 MCCXVII
368 408 533 437 indictione
556 409 575 436 V
593 417 692 436 mense
712 409 811 437 madii
831 409 878 437 ‹Iie
904 409 982 437 XIII.
1008 408 1066 443 qu
1090 408 1160 443 qui-

189 460 257 489 dem
269 460 384 495 ¹Iaooba,
404 468 481 488 umor
494 460 646 496 quondam
662 460 781 489 domini
797 461 940 489 Gratiani
957 461 1157 497 Franqumni‚

188 517 289 541 mater
308 517 334 541 et
357 513 457 541 tun-tm
481 513 631 542 Johannis
651 513 842 541 et-Gratiani
857 513 993 549 filiorum
1011 521 1156 546 meorum,

190 565 246 594 hac
263 565 397 602 presenti
418 564 466 593 die
483 566 611 602 propria
629 569 852 602 spontaneaque
875 574 937 593 mea
956 566 1029 593 bona
1054 565 1162 593 volun-

191 622 266 653 tate;
285 618 316 646 in
331 618 484 655 presentia
500 618 620 646 domini
634 618 717 646 Petri
732 618 878 654 Stephani
897 618 1048 645 Ciceronis
1063 617 1163 645 dativi

182 670 303 707 Judicis
322 675 348 698 et
363 671 603 708 subscriptorum
621 671 740 699 testium
761 670 800 698 ad
816 671 868 699 hoc
885 671 1057 707 specialiter
1072 678 1161 707 roqa-

190 727 301 758 torum,
316 731 372 760 pro
385 723 457 760 ipsis
471 724 642 752 minoribus
658 724 802 752 renuntio
816 728 841 751 et
857 724 953 758 refuto
971 723 1023 751 tibi
1039 723 1162 751 domino

188 774 348 804 Sinibalclo
366 775 486 804 domini
497 784 573 813 pape
585 776 714 804 Honorii
729 777 899 804 camerario
914 776 953 803 ad
968 784 1042 812 opus
1057 780 1082 803 et
1099 775 1163 803 'uti-

191 828 308 856 litatem
325 829 439 865 prefati
457 829 578 857 domini
595 837 672 866 pape
691 829 815 865 suisque
830 828 1047 857 successoribus
1062 832 1087 856 et
1107 828 1163 856 Ro-

188 888 280 908 mane
293 880 410 909 ecclesie
426 881 457 909 in
467 885 658 918 perpetuum,
675 881 707 909 id
718 885 758 909 est
772 889 888 909 omnem
905 881 988 908 litem
1000 884 1026 908 ct
1041 880 1162 917 petitio-

188 941 259 961 nem
275 941 368 969 quamv
390 933 513 961 domino
535 942 609 970 pape
627 933 685 968 feci
708 933 751 961 cel
771 934 869 968 facere
887 933 974 970 potui
994 941 1028 960 ac
1048 941 1161 969 possem

190 985 329 1014 videlicet
345 985 378 1013 de
396 989 452 1013 toto
466 985 560 1013 debito
577 985 655 1022 quod
672 985 815 1013 dominus
830 985 997 1018 Gratianus
1012 986 1063 1014 vir
1079 993 1163 1012 meus

189 1037 224 1066 in
244 1041 341 1066 castro
360 1037 497 1074 Nymphe
517 1037 632 1066 habuit.
656 1037 691 1065 Et
716 1038 858 1065 renuntio
879 1046 1004 1071 usuras,
1024 1037 1158 1072 fructus,

188 1090 369 1118 accessiones
388 1094 414 1118 et
432 1098 526 1126 penas
541 1094 567 1118 et
586 1090 770 1127 qeneraliter
790 1090 937 1126 quicquid
955 1090 1162 1126 undecumque

188 1147 216 1171 et
238 1142 514 1179 quomodocumque
533 1143 654 1171 nominc
678 1143 752 1171 dicti
776 1143 867 1171 delati
892 1152 908 1170 a
935 1143 1058 1171 domino
1082 1151 1161 1179 papa

189 1195 278 1223 tacite
307 1195 351 1223 rel
374 1195 551 1232 espresstm,
574 1195 746 1232 specialiter
769 1199 795 1223 et
819 1195 1002 1231 qeneraliter
1026 1204 1113 1232 assere
1137 1199 1164 1223 et

185 1251 285 1284 petere
304 1255 417 1284 possem
435 1247 641 1284 quoquomodo
652 1258 661 1282 ,·
678 1251 703 1275 et
721 1247 827 1275 amodo
845 1256 894 1275 nee
915 1256 931 1275 a
954 1256 1000 1275 me
1020 1256 1113 1283 neque
1128 1248 1163 1275 ab

187 1300 295 1336 aliqua
306 1308 434 1337 persona
447 1299 487 1338 [a]
501 1309 547 1328 me
558 1300 723 1329 summissa
738 1301 781 1328 vel
791 1309 857 1328 sum
865 1300 1010 1328 mittenda
1023 1301 1163 1336 aliquam

188 1353 357 1389 aliquando
369 1353 476 1381 eaeinde
489 1353 594 1381 habebo
606 1353 789 1389 questionem
803 1353 849 1381 'ccl
861 1353 925 1381 litis
937 1353 1158 1390 calumpniam,

187 1405 238 1434 sed
255 1414 371 1443 semper
386 1406 515 1442 quietus,
534 1406 693 1443 pacificus,
714 1415 837 1434 securus
850 1406 996 1443 persistas
1014 1406 1042 1434 in
1057 1414 1162 1443 perpe-

189 1463 287 1487 tuum.
303 1459 388 1487 Hanc
402 1464 504 1487 autem
522 1459 745 1494 refutationem,
768 1463 799 1487 ut
817 1460 958 1495 superius
973 1459 1088 1487 dictum
1107 1464 1158 1495 est,

189 1511 244 1540 tibi
261 1512 340 1547 facio
358 1520 413 1548 pro
431 1520 462 1539 eo
483 1511 562 1548 quod
584 1512 615 1540 in
631 1512 784 1548 presentia
807 1511 977 1548 supradicti
995 1511 1114 1547 judicis
1135 1516 1161 1539 et

187 1564 254 1601 ejus
265 1564 379 1592 decreto
395 1568 420 1592 et
437 1565 618 1592 auctoritate
634 1564 688 1592 das
702 1568 728 1592 ct
744 1564 837 1593 solvis
854 1564 933 1592 mihi
948 1564 1061 1592 dictum
1079 1563 1162 1592 debi-

188 1621 274 1652 tum;
292 1616 326 1645 de
342 1625 399 1654 quo
417 1626 460 1645 me
476 1617 544 1645 bene
560 1617 693 1653 quietam
714 1625 788 1652 coco,
808 1617 974 1653 exceptioni
995 1624 1052 1645 non
1070 1617 1164 1646 soluti

187 1674 214 1698 et
231 1669 339 1706 recepti
356 1669 447 1698 debiti
466 1670 658 1698 renuntians.
678 1670 715 1697 De
729 1677 786 1706 quo
797 1669 901 1704 debito,
917 1669 1031 1697 decreto
1045 1673 1072 1697 et
1087 1677 1162 1698 auc-

188 1722 311 1751 toritate
327 1721 572 1759 prefatijudicts
590 1722 734 1750 ducentas
750 1722 844 1750 libras
861 1730 916 1758 pro
931 1722 1069 1750 „iohanne
1083 1722 1161 1750 scri-

187 1775 293 1804 niario
309 1775 427 1803 domini
441 1784 516 1812 pape
535 1779 635 1812 nepote
651 1775 745 1810 solvo,
763 1783 818 1812 pro
836 1775 945 1811 quibus
960 1779 1071 1811 quarta
1087 1783 1162 1811 pars

186 1827 358 1855 molendini
380 1827 414 1854 de
436 1827 640 1864 Septemsoiiis
661 1828 762 1862 suerat
783 1828 811 1855 ei
830 1827 962 1864 obliqata
983 1832 1008 1855 et
1028 1827 1047 1855 L
1068 1827 1162 1856 libras

186 1880 339 1909 Johannis
356 1880 474 1908 Cinthii
487 1888 542 1917 pro
558 1889 586 1908 se
606 1884 632 1908 et
651 1889 705 1916 pro
721 1880 903 1908 Beneincasa
919 1881 1016 1915 fratrc
1034 1888 1087 1908 suo
1107 1880 1161 1908 do-

186 1933 270 1961 mini
288 1938 363 1969 pape
382 1933 537 1969 nepotibus
555 1933 649 1967 sotcO,
670 1941 726 1969 pro
749 1933 858 1968 quibus
876 1932 993 1961 dietum
1011 1932 1160 1960 molendi-

186 1993 265 2014 num
285 1985 386 2020 fuerat
407 1985 434 2012 ei
453 1984 630 2021 obliyatum.
659 1985 756 2019 Quam
776 1985 991 2020 refutationem
1014 1985 1160 2021 promitto

184 2045 242 2075 pro
260 2045 306 2065 me
326 2037 459 2073 meisque
479 2037 638 2065 heredibus
658 2045 692 2065 ac
713 2037 932 2065 successoribus
950 2037 1004 2065 tibi
1024 2037 1063 2065 ad
1085 2045 1160 2074 opus

185 2094 214 2119 et
233 2090 399 2118 utilitatem
422 2089 541 2118 domini
554 2098 631 2126 pape
651 2093 677 2117 et
697 2089 814 2118 ecclesie
832 2089 963 2118 Romane
985 2089 1110 2125 firmam
1132 2094 1159 2117 et

188 2146 291 2171 ratam
307 2150 422 2179 semper
437 2142 543 2170 habere
558 2146 585 2170 et
601 2146 707 2170 contra
722 2149 780 2169 non
800 2142 902 2170 venire
913 2163 919 2175 ,
937 2141 986 2169 sed
1003 2141 1159 2176 defendere

186 2199 292 2224 contra
316 2203 417 2223 omnes
438 2195 575 2223 homines
595 2195 716 2223 nomine
733 2195 803 2222 bone
819 2193 1027 2230 fidejussionis
1042 2195 1069 2221 si
1084 2202 1159 2231 opus

186 2252 214 2277 et
233 2256 346 2276 necesse
365 2247 460 2283 fuerit
477 2247 531 2275 sub
546 2255 626 2284 pena
645 2247 746 2283 dupli,
770 2251 795 2275 et
813 2255 891 2283 pena
908 2247 1006 2275 soluta
1023 2247 1074 2275 hec
1089 2256 1158 2275 car-

187 2300 255 2329 tula
277 2299 498 2328 nichilominus
520 2299 612 2336 firma
635 2300 755 2327 cwistat.
785 2300 879 2333 Quam
903 2299 1030 2327 scribere
1054 2300 1160 2336 roqavi

184 2353 353 2389 Nycolaum
370 2352 543 2388 imperialis
559 2351 628 2380 (tule
642 2352 831 2380 scriniarius
845 2351 878 2380 in
896 2359 996 2379 mense
1013 2356 1039 2380 et
1060 2352 1159 2380 indic-

186 2405 267 2433 tione
282 2405 493 2441 suprascripta
511 2405 540 2433 V.

225 2457 359 2493 Anqelus
374 2457 504 2485 Romani
525 2457 559 2485 dc
574 2457 666 2494 Sposa
686 2457 778 2485 testis.

227 2509 371 2539 Cinthius
391 2510 464 2538 Coni
480 2510 571 2538 testis.

225 2562 335 2590 Petrus
348 2562 462 2590 Alberti
479 2562 569 2590 testis.

225 2613 398 2651 Stephanus
413 2615 522 2651 Anqcli
539 2615 629 2643 testis.

224 2667 382 2704 Presbyter
394 2667 501 2695 Petrus
516 2672 617 2696 sancte
631 2667 719 2696 Lucie
739 2667 830 2695 testis.

224 2720 286 2756 qu
300 2720 451 2757 Nycolaus
470 2720 644 2758 imperialis
668 2720 737 2748 aule
758 2720 948 2748 scriniarius
967 2720 1113 2757 compleri
1135 2724 1161 2748 et

186 2773 312 2801 absolvi.

145 2980 289 3011 XXVII.
306 2997 344 3003 —
359 2981 617 3012 INSTRUMENTUM
633 2990 671 3010 nn
687 2989 815 3014 QUADAM
831 2987 1091 3009 ΒΕΝυΝΤΙΑΤΙοΝΕ
1105 2987 1162 3008 suu

1281 416 1499 439 REFUTATIONE
1517 419 1601 443 Qum
1621 420 1708 440 mem*
1727 419 1843 441 nonnxo
1860 421 1934 440 meu
1951 411 2144 443 Ixsocsswrio
2162 413 2245 442 Pm-

1282 468 1399 490 nom-us
1416 470 1515 491 fimus
1531 471 1678 496 Quos-om
1694 463 1851 492 JOHANNIS
1871 464 1968 493 Pmm
1988 473 2025 493 na
2039 465 2152 494 Jumcz
2166 466 2186 494 ¹.

1320 590 1354 617 In
1372 592 1492 619 nomine
1504 593 1632 627 nomini,
1651 603 1731 621 auno
1743 594 1892 622 dominice
1907 595 2131 624 incarnationis
2146 597 2246 625 mille-

1281 642 1357 669 simo
1377 643 1498 671 rt'Xl'l!
1517 649 1542 672 ct
1560 654 1641 672 anno
1659 646 1759 681 primo
1774 647 1968 682 pontificatus
1983 648 2101 675 domini
2118 649 2245 676 IIanorii

1283 694 1365 721 tertii
1380 703 1454 730 pape
1473 695 1636 723 indictione
1658 697 1683 731 V,
1706 706 1801 724 mense
1818 698 1913 734 aprili
1929 699 1975 726 dic
1993 699 2077 727 XXII.
2100 700 2157 735 lz‘qo
2175 701 2245 736 qui-

1282 745 1346 773 dem
1361 746 1541 782 Pandull'us.
1561 748 1645 783 lilius
1661 749 1779 785 quoncla
1787 760 1811 776 m
1826 750 1943 778 Johann
1951 751 1975 777 is
1988 751 2069 778 I'etri
2081 752 2115 778 de
2127 752 2240 787 Judiec,

1283 802 1352 825 autc
1364 800 1545 834 presentiam
1564 801 1756 829 dominorum
1774 802 1988 837 maqis·1r0rum
2006 804 2117 831 scilicet
2134 804 2240 839 Fortis,

1283 850 1401 878 domini
1416 860 1490 887 pape
1507 853 1631 886 noun-ii,
1650 858 1674 880 ct
1691 854 1891 881 Bartholomei
1909 855 2036 882 [tantane
2052 856 2136 883 curie
2151 857 2246 884 ratco-

1283 903 1343 930 crui
1363 907 1388 930 ct
1411 904 1647 940 subscriptorum
1672 906 1790 933 testium
1811 906 1850 933 ad
1871 907 1922 933 hac
1941 908 2111 943 specialiter
2127 914 2245 945 roqalo-

1282 964 1370 990 rum,
1394 957 1519 992 propria
1545 966 1608 984 mea
1633 958 1784 985 voluntate
1805 960 1945 986 renuntio
1965 964 1989 986 et
2012 961 2041 986 ln
2063 961 2202 988 omnibus
2219 966 2244 989 et

1279 1017 1334 1044 per
1356 1009 1458 1035 omnia
1484 1018 1574 1036 eausa
1600 1010 1815 1037 transactionis
1839 1011 2020 1046 qeneraliter
2046 1013 2141 1046 refuto
2168 1014 2246 1041 robis

1285 1069 1351 1087 cero
1367 1060 1501 1088 {Ionzinis
1519 1061 1667 1096 I'andulfo
1682 1062 1865 1089 Neu-wicensi
1879 1063 1965 1090 electo
1980 1068 2004 1090 et
2021 1064 2177 1093 Sinibaldo
2193 1065 2245 1092 do-

1285 1113 1364 1140 mini
1385 1122 1458 1149 pape
1478 1112 1603 1141 Ilonorii
1622 1114 1800 1141 trttmerariis
1818 1114 2105 1151 mantlat[ari]isque
2127 1122 2152 1143 et
2173 1126 2245 1153 pro-

1282 1166 1474 1193 curatoribus
1486 1166 1615 1202 ejusdem
1634 1166 1672 1193 arl
1688 1166 1740 1193 hoc
1755 1167 1924 1203 specialiter
1937 1168 2108 1195 constitutis
2121 1169 2159 1195 ad
2173 1177 2245 1205 opus

1284 1222 1308 1245 ct
1332 1219 1494 1246 utilitatem
1515 1219 1610 1255 ipsius
1627 1218 1746 1246 domini
1765 1228 1839 1255 pape
1857 1219 1983 1247 Ilonorii
2002 1224 2026 1247 et
2045 1229 2243 1249 suceessorum

1283 1271 1347 1306 ejus
1363 1275 1452 1306 atque
1470 1271 1561 1298 lolius
1578 1271 1706 1298 Romane
1724 1271 1840 1298 ecclesie
1855 1276 2009 1307 perpetuo,
2031 1272 2060 1299 id
2073 1278 2113 1299 est
2129 1282 2243 1301 munem

1285 1323 1365 1351 litem
1384 1328 1408 1351 ct
1426 1323 1598 1359 petitionem
1617 1332 1707 1359 quam
1728 1324 1864 1351 denotato
1879 1324 1944 1351 dom
1953 1324 2001 1351 ino
2025 1334 2097 1361 pape
2116 1325 2248 1353 Honorio

1283 1376 1352 1411 feci,
1374 1376 1462 1412 petii,
1483 1380 1580 1412 petere
1599 1376 1642 1403 rei
1657 1377 1753 1410 facere
1769 1376 1870 1412 potui,
1896 1376 2029 1404 videlieet
2046 1377 2078 1404 de
2096 1379 2248 1406 universis

1283 1429 1420 1465 arpensis
1438 1437 1513 1465 quas
1530 1433 1657 1464 tempore
1675 1428 1733 1455 mei
1747 1432 1869 1455 senatus
1884 1428 1917 1456 de
1936 1429 2077 1457 mandato
2096 1431 2245 1465 qnondam

1284 1481 1402 1509 domini
1425 1481 1593 1509 innocentii
1615 1481 1696 1508 tertii
1714 1490 1789 1517 pape
1808 1481 1880 1516 feci,
1906 1486 1965 1509 tam
1992 1482 2021 1509 in
2045 1483 2248 1510 eustadietalis

1283 1534 1389 1561 stratis
1402 1533 1538 1569 'undique
1553 1534 1582 1561 in
1598 1534 1729 1561 circuilu
1745 1542 1835 1570 quam
1855 1535 1884 1561 in
1902 1534 2036 1561 custmlia
2053 1535 2245 1563 dirersarum

1283 1587 1405 1615 urbium
1424 1587 1558 1614 turrium
1572 1594 1648 1622 quas
1659 1595 1740 1614 ¹meas
1750 1587 1789 1614 ad
1804 1595 1913 1614 manus
1926 1587 1959 1614 dc
1971 1587 2096 1614 consilio
2110 1588 2245 1615 rirorum

1281 1639 1480 1676 prudentium
1504 1648 1557 1675 pro
1575 1647 1646 1675 pace
1666 1643 1691 1666 et
1712 1639 1809 1675 quiete
1826 1639 1923 1667 sancti
1939 1639 2048 1675 synodi
2066 1640 2109 1667 rel
2126 1641 2249 1668 concilii

1267 1692 1331 1719 'seu
1351 1691 1381 1719 in
1399 1691 1472 1719 aliis
1494 1700 1549 1727 quc
1572 1691 1610 1718 ad
1629 1700 1730 1728 pacem
1749 1696 1775 1719 et
1790 1693 1979 1719 securitatem
2001 1692 2185 1719 venientium
2209 1693 2248 1719 ad

1286 1744 1386 1771 Ifrbem
1409 1748 1496 1771 erant
1520 1744 1686 1771 necessaria
1711 1745 1807 1774 tenui.
1835 1753 1940 1780 easque
1963 1745 2039 1771 mihi
2060 1744 2159 1772 dictus
2174 1745 2244 1772 olim

1282 1796 1425 1824 dominus
1447 1804 1525 1832 papa
1547 1804 1613 1823 cum
1641 1805 1763 1823 munere
1787 1796 1906 1823 reddere
1929 1806 1962 1823 ac
1985 1801 2156 1824 restaurare
2174 1806 2247 1833 pro-

1282 1849 1377 1876 misit.
1412 1847 1622 1883 Quodcumque
1650 1848 1750 1884 itaque
1771 1849 1825 1883 jus
1852 1853 1877 1875 et
1905 1857 2125 1885 quamcumque
2153 1849 2248 1877 aetio-

1283 1910 1347 1930 nem
1368 1901 1551 1938 personalem
1572 1905 1597 1928 et
1618 1901 1647 1928 in
1669 1910 1727 1928 rem
1746 1901 1808 1929 sive
1827 1902 1995 1937 qpotheeam
2019 1902 2096 1937 qnort
2119 1910 2248 1937 quamve

1281 1955 1426 1983 hactenns
1451 1953 1596 1981 adversus
1620 1953 1733 1981 dietum
1760 1953 1917 1981 dominnm
1942 1963 2051 1990 papam
2078 1954 2245 1981 JIonorium

1282 2011 1308 2035 et
1331 2011 1420 2034 totam
1444 2006 1609 2034 Romanam
1633 2006 1783 2034 ecelesiam
1811 2010 1836 2033 et
1862 2006 1891 2033 in
1918 2006 2056 2033 (tutnilttts
2079 2006 2143 2041 ejus
2165 2006 2249 2034 bonis

1280 2064 1307 2088 et
1329 2059 1564 2096 possessionibus
1589 2058 1694 2091 Ιιιώιό,
1719 2058 1811 2086 habui
1838 2059 1881 2086 cel
1906 2059 2011 2086 habere
2029 2067 2146 2094 quoquo
2166 2058 2249 2086 modo

1278 2121 1406 2149 possem,
1429 2116 1488 2139 tam
1506 2111 1618 2139 scilicet
1635 2111 1708 2147 jure
1727 2111 1770 2139 cel
1790 2111 1940 2139 occasione
1961 2110 2167 2147 predictarum
2189 2111 2249 2138 im-

1278 2174 1442 2202 pensarum
1462 2172 1546 2200 quas,
1569 2168 1599 2191 ut
1615 2163 1729 2191 dictum
1744 2168 1794 2198 est,
1812 2164 1881 2198 feci,
1903 2172 1992 2199 quam
2005 2155 2100 2190 'etiam
2119 2163 2249 2199 cujltsli-

1281 2218 1324 2245 bet
1343 2216 1558 2254 promissionis
1580 2215 1781 2252 quorumlibet
1801 2215 1940 2243 datiuum
1966 2219 2024 2242 tam
2047 2224 2101 2251 pro
2122 2215 2248 2251 dampni

1282 2269 1504 2297 restauratione
1532 2277 1621 2304 qztam
1646 2268 1738 2295 aliter
1764 2267 1847 2295 modo
1872 2267 1999 2303 quolibet
2023 2267 2099 2294 mihi
2124 2267 2167 2295 vel
2191 2268 2248 2295 alii

1280 2331 1336 2359 pro
1355 2331 1398 2349 me
1413 2323 1489 2357 laete
1505 2330 1521 2348 a
1538 2321 1616 2349 dicto
1633 2321 1703 2348 olim
1725 2320 1847 2348 domino
1863 2329 1941 2356 papa
1962 2319 2005 2348 vel
2019 2320 2053 2347 ab
2070 2320 2130 2347 aliu
2148 2328 2203 2356 pro
2217 2328 2249 2347 eo

1283 2379 1309 2403 et
1330 2374 1514 2411 qcneraliter
1538 2373 1744 2409 undecumque
1765 2377 1791 2400 ec
1811 2372 2084 2408 quomodocumque
2105 2372 2250 2400 aclrersus

1283 2428 1396 2455 dictum
1419 2426 1577 2454 dominum
1600 2434 1711 2462 papam
1738 2425 1905 2453 Ilanorium
1928 2429 1954 2451 et
1973 2429 2062 2451 totam
2083 2424 2246 2451 Romanam

1282 2480 1433 2508 ecelesiam
1456 2483 1585 2515 respectu
1602 2478 1761 2514 cujuslibet
1779 2478 1821 2505 rei
1848 2478 1890 2505 rel
1910 2486 1995 2505 cause
2012 2481 2106 2513 petere
2125 2477 2169 2503 ret
2182 2476 2249 2504 titi-

1282 2542 1353 2569 qare
1377 2541 1427 2560 scu
1451 2532 1535 2559 modo
1556 2531 1684 2567 quolibet
1707 2530 1877 2565 inquietari¹
1895 2538 2005 2565 possem
2031 2536 2122 2564 usque
2144 2528 2173 2556 in
2194 2528 2248 2556 ho-

1280 2742 1306 2769 1.
1328 2741 1359 2767 22
1383 2742 1453 2766 avril
1480 2741 1555 2766 1217.
1573 2754 1606 2759 -
1623 2738 1774 2769 Muratori,
1793 2741 1813 2763 t.
1836 2736 1880 2768 11,
1898 2745 1924 2770 p.
1942 2736 2003 2762 563.
2019 2749 2054 2755 —
2072 2735 2248 2762 Par-devant

1243 2790 1286 2816 les
1301 2790 1376 2815 deux
1399 2789 1568 2820 cameriers,
1594 2786 1744 2817 pandone,
1761 2786 1869 2819 ovoque
1888 2785 1931 2809 ε’·ἰυ
1949 2784 1983 2809 de
1998 2783 2144 2812 Non-wien
2160 2787 2188 2809 et
2202 2783 2249 2809 Si-

1245 2837 1354 2870 nibuffl,
1372 2836 1509 2862 Pandotfe
1530 2835 1573 2861 del
1596 2834 1732 2864 Giudice,
1750 2835 1885 2859 sonaleur
1901 2832 1934 2857 de
1958 2831 2048 2857 Rome
2063 2840 2098 2857 au
2123 2836 2249 2858 moment.

1243 2885 1281 2911 du
1298 2884 1409 2910 concite
1427 2884 1526 2915 (1215),
1543 2883 1637 2907 donne
1653 2881 1794 2913 decharge
1812 2890 1845 2906 au
1865 2888 1935 2914 pape
1951 2879 1986 2905 de
2009 2883 2103 2905 tontes
2120 2881 2159 2905 les
2175 2880 2249 2905 obti-

1244 2932 1359 2966 gations
1374 2932 1441 2965 qu'i!
1458 2934 1526 2965 peut
1541 2931 1620 2956 avoir
1634 2937 1738 2955 envers
1755 2929 1792 2954 lui
1813 2928 1957 2961 Pandolse,
1975 2936 2047 2962 pour
2062 2928 2103 2954 les
2125 2936 2249 2954 avances

1244 2980 1326 3006 faites
1342 2988 1392 3014 par
1409 2980 1445 3005 lui
1463 2978 1586 3013 pendant
1602 2986 1653 3004 son
1671 2977 1912 3004 administration.
