2392 3571
143 338 209 370 ιο*
684 333 733 362 LE
757 331 902 361 LIBER
925 326 1160 359 CENSUUM
1183 326 1238 355 DE
1261 316 1447 357 manse.
1471 326 1681 357 ROMAINE.

186 404 319 437 Tobattti,
353 403 454 430 domin
462 410 493 429 us
516 401 667 428 Romanus
688 398 721 426 de
742 397 899 426 Baroncho
928 396 1040 424 nobiles
1069 395 1147 423 cives

185 457 322 489 Romani,
339 455 480 483 dominus
497 453 596 481 Lando
611 452 644 480 de
657 452 752 480 Monte
765 451 871 486 Longo.
887 449 1030 477 dominus
1047 447 1148 476 Lando

184 510 218 538 de
245 509 321 538 Colle
348 507 380 534 de
410 506 513 534 Medio.
539 505 682 532 dominus
711 503 806 531 auido
828 502 861 530 de
885 501 962 530 Colle
986 500 1019 528 de
1041 499 1145 532 Medio⁷

184 561 358 590 Benedictus
371 559 404 587 de
421 560 530 586 Aversa
547 562 572 585 et
588 557 657 584 alii.

226 615 282 649 Eyo
297 613 448 641 Jotzannes
462 610 495 638 de
505 610 615 638 Sancto
629 608 791 636 Laurentio
804 611 905 635 sancte
916 607 1046 634 Romane
1057 604 1149 632 eccle-

183 667 225 695 sie
240 665 437 694 scriniarius.
450 663 528 691 sicut
545 661 608 690 vidi
621 660 730 689 audivi
742 665 766 688 et
780 659 918 694 interfui,
934 657 1051 695 scripsi.
1071 664 1148 685 com-

183 719 264 756 plevi
281 723 306 746 et
322 717 446 745 absolvi.

146 877 203 906 VI.
225 893 262 896 —
281 875 548 905 CONSUETL'DINES
568 881 606 900 ET
623 881 699 900 sum
718 879 779 904 QUE
796 878 900 898 HABET
917 876 1056 897 DOMtNUS
1072 875 1150 895 PAPA

188 938 219 957 lx
236 929 348 958 Bcncvo
365 928 507 956 Si‘TmNo
520 926 540 954 ¹.

229 1042 284 1069 Iste
311 1044 382 1068 sunt
409 1037 639 1067 consuetudines
665 1041 691 1064 et
713 1036 791 1072 jura
821 1043 876 1071 que.
901 1034 1044 1062 dominus
1071 1040 1152 1069 papa

190 1094 275 1123 habet
306 1094 336 1121 in
368 1093 466 1128 Buryo
498 1090 635 1119 Sutrino.
671 1089 743 1118 Cum
772 1087 887 1123 aliquis
911 1086 1091 1123 pereyrinus
1120 1085 1151 1112 in

190 1148 289 1183 Buryo
304 1145 432 1173 Sutrino
449 1144 543 1179 fuerit
564 1142 756 1178 infirmatus,
777 1141 804 1169 si
822 1139 958 1168 sacerdos
975 1147 1031 1176 pro
1051 1137 1152 1165 danda

190 1200 248 1228 sibi
264 1198 433 1236 penitentia
456 1200 576 1225 vocatus
591 1195 630 1223 ad
647 1195 744 1232 ipsum
764 1193 936 1226 accesserit,
959 1192 1037 1219 debet
1052 1199 1150 1219 secum

192 1252 298 1280 habere
311 1249 478 1279 castaldum
496 1249 598 1281 curie;
615 1256 700 1284 quem
715 1247 741 1275 si
757 1246 863 1274 habere
878 1245 1060 1281 nequit-erit.
1081 1243 1153 1271 duos

192 1304 231 1333 ad
246 1304 351 1331 minus
363 1302 467 1338 leyales
483 1301 623 1329 vassallos
637 1300 753 1327 ecclesie
767 1299 896 1327 Romane
909 1305 1006 1325 secum
1025 1295 1152 1328 habebit,

194 1358 227 1386 in
248 1364 376 1393 quorum
399 1354 552 1392 presentia
573 1353 754 1390 pereqrinus
778 1351 811 1379 de
833 1351 917 1379 bonis
936 1351 999 1378 suis
1022 1358 1077 1386 pro
1099 1357 1154 1377 sua

195 1410 350 1438 voluntate
363 1408 520 1444 disponat;
537 1407 563 1434 si
578 1406 668 1433 aliter
682 1409 783 1433 aetum
800 1404 904 1439 fuerit,
918 1403 1076 1440 perecrini
1093 1401 1155 1429 dis-

192 1462 301 1500 positio
322 1468 382 1488 non
405 1459 514 1487 valebit
540 1468 548 1485 ;
569 1457 647 1494 quod
677 1457 738 1484 ideo
764 1457 900 1484 noscitur
925 1464 982 1483 esse
1006 1459 1155 1483 statutum

194 1514 339 1551 quoniam
361 1511 524 1540 sacerdotes
542 1510 676 1538 solitarii
693 1509 868 1546 pereyrinos
887 1507 1030 1535 adeuntes
1045 1515 1156 1543 propo-

195 1567 305 1595 nebant
327 1565 368 1592 eis
385 1563 463 1600 quod
481 1563 543 1591 nisi
565 1563 598 1590 de
612 1562 699 1590 rebus
714 1562 778 1590 suis
793 1561 934 1589 omnibus
951 1560 1154 1597 disponerent,

196 1619 284 1647 curia
301 1617 359 1646 sibi
374 1617 477 1645 omnia
494 1615 667 1644 vindicaret
679 1616 702 1642 ².

155 1776 227 1806 VII.
247 1792 284 1796 -
298 1776 552 1804 Issa-numnsrun
569 1781 606 1800 DE
623 1780 837 1801 PLENITL‘DlNE
854 1779 979 1800 nolex
996 1779 1082 1805 QUAM
1101 1780 1159 1799 HA-

197 1837 255 1857 BET
272 1814 410 1856 nos'nNUS
427 1835 504 1854 PAPA
520 1825 768 1855 CENTEMCELMS
781 1818 803 1852 ³.

234 1940 270 1968 In
302 1939 425 1968 nomine
457 1937 592 1971 domini,
627 1945 709 1965 anno
739 1937 968 1965 incarnationis
997 1937 1160 1965 millesimo

196 1992 361 2022 ΟΟΧΧΙΙῙΙ0
376 1996 401 2019 et
421 1999 504 2019 anno
524 1990 607 2018 VIIII
620 1989 818 2026 pontificatus
834 1989 952 2017 domini
970 1989 1099 2017 Honorii
1114 1989 1163 2017 III

193 2053 280 2082 pape.
302 2043 468 2072 indictione
490 2043 569 2076 XIII,
593 2051 691 2070 mense
713 2041 874 2070 decembris
897 2042 944 2070 die
968 2042 1061 2070 VIIII.
1085 2042 1160 2071 Cum

196 2098 335 2126 omnium
356 2096 461 2124 habere
483 2096 661 2124 memoriam
687 2100 711 2123 et
738 2096 767 2123 in
796 2095 882 2123 nullo
900 2096 1024 2132 penitus
1040 2095 1161 2124 deviare

194 2151 296 2188 potius
317 2150 356 2178 sit
376 2149 552 2177 divinitatis
568 2157 659 2185 quam
679 2148 903 2183 humanitatis.
928 2148 991 2176 ideo
1008 2157 1064 2185 que
1081 2149 1160 2184 infe-

197 2203 265 2231 rius
278 2207 348 2231 sunt
364 2202 486 2238 scripta,
504 2209 590 2238 prom
598 2202 664 2235 issa,
685 2200 755 2229 data
772 2201 939 2229 liberaliter
949 2205 975 2229 et
991 2209 1127 2229 concessa
1142 2209 1161 2229 a

196 2255 331 2292 populo⁴
364 2254 613 2283 Centumcellensi
642 2253 813 2290 specialiter
842 2253 881 2282 ad
908 2254 961 2282 hoc
990 2253 1160 2282 coadunato

199 2308 328 2336 breviter
349 2307 495 2335 duximus
517 2306 699 2335 denotanda.
724 2307 785 2335 Hac
806 2308 940 2344 presenti
963 2307 1009 2336 die
1029 2308 1161 2344 populus

201 2360 466 2390 Centumcellensis
483 2360 577 2388 simul
599 2359 638 2387 ad
659 2368 767 2388 sonum.
792 2347 938 2397 campane
958 2361 1158 2396 coadunatus,

199 2422 261 2442 non
292 2413 398 2446 eoacti,
429 2420 482 2441 nec
515 2412 580 2440 doto
609 2413 654 2441 vel
683 2413 790 2449 aliqua
819 2413 930 2449 fraude
959 2413 1089 2449 inducti,
1122 2418 1163 2442 set

201 2466 295 2494 libera
321 2470 346 2494 et
372 2470 535 2502 spontanea
560 2465 715 2494 voluntate
737 2466 890 2500 concessit,
916 2466 996 2495 dedit
1017 2471 1043 2495 et
1064 2466 1164 2495 tradi-

201 2519 245 2547 dit
263 2518 384 2546 domino
400 2526 475 2555 pape
489 2518 622 2546 Honorio
639 2519 725 2546 tertio
747 2523 773 2546 et
794 2519 1012 2548 successoribus
1028 2520 1092 2548 suis
1108 2528 1165 2548 no-

201 2572 283 2599 mine
296 2571 424 2599 Romane
435 2571 552 2599 ecclesie
560 2579 615 2608 per
628 2572 706 2605 istos,
724 2571 862 2600 videlicet
876 2572 1035 2600 dominum
1052 2572 1166 2601 Johan-

201 2632 268 2652 ⁴nem
281 2624 404 2660 Capocie
415 2628 440 2651 et
451 2623 609 2651 dominum
623 2624 791 2652 Rolandum
805 2624 838 2652 de
850 2624 1029 2662 Campania,
1047 2625 1166 2653 domini

200 2684 276 2713 pape
294 2676 471 2713 capellanos,
491 2677 663 2713 specialiter
678 2676 717 2704 ad
735 2681 846 2705 terram
869 2677 954 2705 illam
974 2682 1000 2706 et
1017 2678 1167 2715 populum

204 2839 228 2866 1.
243 2838 377 2871 Theiner,
395 2840 457 2867 eod.
473 2840 551 2873 dipl..
570 2847 601 2866 n⁰
615 2841 658 2867 36.

201 2887 228 2913 2.
246 2887 306 2914 Cod.
324 2887 470 2914 iudicaret.

203 2935 228 2962 3.
248 2936 263 2962 9
278 2935 428 2962 decembre
447 2936 522 2964 [⁸224.
540 2951 571 2956 —
586 2937 720 2968 Theiner,
739 2938 801 2964 (ἳοιί.
817 2939 895 2971 dipl„
914 2944 944 2964 n⁰
963 2938 1022 2966 134.

203 2983 229 3009 4.
247 2982 417 3018 Populo—die
434 2985 473 3010 bis
488 2988 649 3018 repetuntur
665 2987 693 3012 in
709 2986 766 3012 cod.

1269 392 1308 420 ad
1323 393 1377 421 hoe
1393 393 1587 421 transmissos
1599 414 1605 426 ‚
1626 392 1660 420 in
1677 395 1856 428 perpetuum
1877 391 2005 419 liberum
2023 391 2198 419 dominium
2214 395 2241 420 et

1267 445 1456 482 plenumjus
1471 444 1765 482 acjurisdictionem
1784 443 1994 472 omnimodam
2010 448 2035 472 et
2048 444 2239 480 plenariam.

1269 499 1346 526 Licet
1369 498 1449 526 alias
1473 498 1609 526 Romana
1631 497 1753 526 ecclesia
1778 505 1893 533 semper
1921 496 1962 524 ibi
1983 496 2159 524 dominium
2183 496 2242 525 ha-

1270 550 1368 578 buerit
1380 555 1594 586 superterram
1610 549 1899 583 Centumcellarum,
1923 549 2021 577 rolens
2039 550 2099 586 ipse
2111 549 2243 586 populus

1270 603 1428 631 dominum
1448 611 1558 639 papam
1579 603 1703 631 nomine
1719 603 1850 630 Romane
1867 602 1985 630 ecclesie
1998 603 2123 639 plenum
2142 602 2243 630 domi-

1270 656 1358 683 nium
1375 655 1481 682 habere
1499 655 1583 683 intus
1598 660 1623 683 et
1640 659 1737 688 κεῖνα,
1756 655 1789 683 in
1809 655 1904 689 silvis,
1925 655 2031 691 pratis.
2051 655 2174 692 pascuis
2190 663 2243 684 seu

1267 708 1414 745 pasturis.
1435 707 1543 736 bandis
1559 712 1584 736 et
1602 708 1754 744 sanquine
1770 711 1796 735 et
1815 707 1956 735 omnibus
1974 708 2046 736 aliis
2062 707 2101 736 ad
2117 707 2243 736 eandem

1272 765 1384 788 terram
1408 769 1459 788 seu
1480 765 1614 789 castrum
1633 760 1875 797 pertinentibus,
1894 761 1973 789 sic-ut
1991 769 2130 798 unquam
2154 769 2244 789 verus

1272 818 1296 842 et
1313 814 1467 850 legitimus
1484 813 1628 842 dominus
1646 814 1677 841 in
1694 813 1798 850 aliquo
1815 813 1943 841 liberum
1961 818 1987 842 et
2000 814 2126 851 plenum
2144 813 2246 842 domi-

1272 867 1359 894 nium
1374 866 1480 894 habere
1492 866 1658 894 consuevit.
1673 866 1767 900 Quam
1780 867 1997 894 concessionem
2009 871 2035 894 et
2047 866 2246 895 traditionem

1272 918 1371 947 dictus
1395 919 1524 956 populus
1548 919 1814 948 Centumcettensis
1840 919 1963 947 domino
1987 919 2121 947 Honorio
2143 923 2169 947 et
2189 919 2246 947 Ro-

1273 980 1363 999 mane
1378 971 1496 1000 ecclesie
1511 980 1566 1008 per
1583 972 1672 1006 tales,
1690 972 1805 1000 scilicet
1821 971 1983 1000 dominum
1997 971 2167 1000 Iohannem
2188 971 2247 1000 Ca-

1270 1024 1355 1060 pocie
1371 1029 1396 1052 et
1414 1023 1575 1052 dominnm
1596 1023 1765 1052 Rotundum
1791 1023 1824 1052 de
1848 1024 2019 1060 Campania
2036 1024 2156 1052 domini
2170 1031 2248 1060 pape

1274 1077 1453 1113 capellanos,
1472 1078 1609 1113 fecerunt
1625 1078 1657 1105 in
1669 1081 1848 1114 perpetuum
1864 1086 1920 1114 pro
1936 1078 2031 1105 multe
2047 1077 2248 1114 beniynitatis

1274 1133 1300 1156 et
1316 1128 1565 1157 mansuetudinis
1580 1129 1702 1165 qratia,
1721 1137 1811 1165 quam
1835 1128 1979 1157 dominus
1998 1137 2077 1166 papa
2095 1128 2250 1157 Honorius

1276 1182 1383 1209 tertius
1394 1190 1448 1218 per
1460 1186 1594 1218 tempora
1610 1182 1668 1210 sibi
1680 1181 1853 1218 impendere
1864 1182 2019 1210 consuevit
2035 1186 2060 1210 et
2077 1181 2251 1218 specialiter

1272 1242 1329 1270 pro
1351 1233 1456 1262 debitis
1478 1234 1543 1262 illis
1569 1243 1625 1271 que
1649 1234 1793 1263 dominus
1817 1242 1899 1271 papa
1924 1234 2078 1262 Honorius
2104 1233 2138 1262 de
2164 1241 2251 1262 mera

1275 1288 1378 1324 qratia
1391 1296 1447 1315 sua
1460 1296 1516 1324 pro
1530 1287 1724 1316 exoneranda
1735 1287 1873 1324 predicta
1888 1292 1969 1316 terra
1985 1288 2030 1316 vel
2043 1292 2142 1316 castro
2152 1295 2171 1315 a
2184 1294 2251 1315 cre-

1276 1339 1449 1380 ditoribus,-
1470 1340 1580 1376 quibus
1605 1338 1736 1376 obliyata
1766 1340 1923 1368 tenebatur
1945 1340 2085 1376 plenarie
2110 1339 2249 1368 exsolvit.

1277 1394 1462 1422 Promittens
1489 1393 1588 1422 dietus
1614 1394 1746 1430 populus
1776 1393 2043 1423 Centumcellensis
2071 1392 2252 1430 supradicta

1277 1446 1384 1474 omnia
1399 1450 1540 1483 perpetuo
1556 1450 1582 1474 et
1598 1445 1728 1482 fideliter
1744 1445 1916 1479 observare,
1934 1453 1988 1473 nec
2001 1444 2173 1482 predictam
2190 1447 2252 1472 ter-

1277 1507 1348 1527 ram
1367 1499 1646 1528 Centumcellarum
1666 1498 1706 1526 ad
1721 1498 1822 1535 ipsum
1839 1498 1999 1526 dominum
2015 1505 2129 1534 papam
2150 1501 2177 1525 et
2195 1497 2254 1525 Ro-

1278 1559 1406 1579 manam
1433 1552 1587 1580 ecclesiam
1620 1550 1795 1579 immediate
1820 1551 2024 1588 pertinentem
2053 1554 2079 1578 et
2102 1549 2181 1586 jura
2206 1548 2254 1577 vel

1273 1604 1510 1641 jurisdictiones
1532 1604 1595 1641 ejus
1615 1604 1756 1632 minuere
1776 1603 1822 1632 vel
1842 1603 2005 1638 fraudare,
2027 1602 2185 1631 concedere
2206 1600 2255 1630 vel

1280 1656 1443 1692 infeudare
1464 1664 1515 1685 seu
1535 1656 1640 1693 aliquo
1662 1655 1748 1684 modo
1769 1656 1907 1684 alienare
1928 1655 1994 1684 sine
2017 1655 2113 1692 ipsius
2133 1653 2255 1683 domini

1278 1718 1355 1747 pape
1379 1709 1505 1747 speciali
1532 1709 1659 1738 licentia
1684 1713 1709 1737 et
1734 1708 1899 1742 mandato,
1925 1708 2021 1736 salvis
2049 1712 2150 1736 tamen
2174 1707 2256 1736 dicto

1278 1763 1391 1800 populo
1402 1762 1487 1791 bonis
1498 1762 1626 1799 etjustis
1641 1761 1747 1796 modis,
1765 1766 1790 1790 et
1804 1761 1910 1790 usibus
1922 1769 1971 1789 seu
1983 1759 2257 1789 consuetudinibus

1281 1815 1456 1853 approbatis
1469 1815 1554 1850 infra
1570 1815 1669 1852 ipsum
1684 1819 1832 1843 castrum.
1850 1814 1947 1847 (tuam
1961 1814 2090 1842 scribere
2102 1816 2255 1849 royarunt

1281 1868 1473 1897 Leonardum
1488 1871 1590 1897 sancte
1603 1868 1735 1896 Romane
1748 1867 1867 1895 ecclesie
1881 1866 2086 1894 scriniarium
2105 1866 2139 1893 in
2155 1873 2256 1893 mense

1282 1926 1308 1949 et
1326 1921 1493 1949 indictione
1505 1920 1643 1958 predicta
1654 1919 1734 1949 XIII.
1751 1920 1843 1948 Testes
1855 1923 1958 1947 autem.
1973 1919 2028 1955 qui
2043 1918 2257 1953 interfuerunt

1282 1979 1354 2003 sunt
1371 1974 1428 2008 hii,
1447 1973 1586 2002 videlicet
1599 1973 1743 2001 dominus
1755 1972 1891 2000 Arlesius
1902 1971 2146 2008 archipresbyter
2155 1969 2258 1999 saneti

1282 2027 1364 2055 Petri
1380 2026 1678 2060 Centumcellarum‚
1698 2025 1852 2062 presbyter
1872 2023 2043 2053 Rainaldus
2060 2022 2190 2060 ejusdem
2208 2030 2257 2051 ec-

1282 2080 1368 2108 clesie
1381 2079 1482 2107 sancti
1499 2079 1596 2112 Petri,
1618 2077 1714 2106 Guido
1728 2077 1858 2114 ejusdem
1879 2077 1998 2105 ecclesie
2013 2075 2166 2109 canonici,
2185 2075 2256 2104 Ric-

1281 2132 1393 2161 cardus
1403 2131 1557 2169 presbyter
1570 2131 1795 2168 Cruqentanus‚
1811 2129 1984 2158 Leonardus
1995 2129 2122 2160 scutifer
2135 2127 2257 2156 domini

1280 2186 1433 2215 Johannis
1449 2185 1584 2222 Capocie.

1322 2239 1381 2275 Eyo
1402 2237 1575 2267 Leonardus
1591 2241 1694 2266 sancte
1710 2237 1841 2265 Romane
1858 2236 1976 2264 ecclesie
1991 2235 2178 2264 scriniarius
2194 2234 2257 2262 hiis

1282 2291 1424 2320 omnibus
1437 2290 1658 2328 suprascriptis
1674 2289 1805 2325 interfui
1821 2292 1954 2325 royatus,
1975 2287 2093 2324 scripsi,
2110 2286 2258 2324 complevi

1283 2349 1310 2373 et
1325 2344 1451 2373 absolvi.

1244 2507 1338 2537 VIII.
1362 2524 1401 2528 —
1424 2507 1565 2536 mem
1588 2514 1701 2535 nomm
1727 2514 1804 2534 PAPE
1831 2514 1870 2534 DE
1896 2512 2159 2534 RECUPERATtoNE
2185 2511 2261 2533 CAS-

1285 2568 1417 2589 TRORUM
1433 2568 1473 2588 ET
1487 2567 1661 2588 ‘remanum
1679 2567 1858 2588 confirmes
1877 2566 2042 2588 comnssn
2061 2557 2221 2587 MA'rths
2236 2557 2260 2585 ¹.

1247 2672 1402 2701 Honorius
1414 2680 1495 2709 papa
1513 2672 1631 2705 tertius,
1650 2676 1676 2700 et
1691 2676 1799 2700 cetera.

1328 2726 1369 2754 Ne
1387 2733 1492 2753 rerum
1509 2729 1663 2762 qestarztm
1681 2724 1831 2752 memoria
1848 2731 1918 2752 cum
1935 2728 2064 2760 tempore
2081 2722 2195 2750 labente
2212 2722 2261 2750 la-

1289 2889 1312 2915 1.
1338 2889 1368 2916 18
1389 2889 1493 2915 fievrier
1514 2888 1592 2915 1220.
1613 2901 1650 2908 -
1673 2887 1821 2919 Potthast,
1844 2892 1874 2913 n⁰
1895 2886 1981 2917 65673
2004 2885 2158 2916 Mun-aton,
2182 2886 2259 2917 Ant..

1251 2941 1271 2964 t.
1289 2937 1317 2970 1,
1335 2946 1362 2972 p.
1381 2938 1447 2968 175;
1464 2937 1598 2968 Theiuer,
1617 2937 1677 2964 Cod.
1695 2936 1775 2969 dipl„
1794 2941 1825 2962 n⁰
1843 2935 1907 2966 104;
1927 2934 2072 2968 Pressuti,
2090 2935 2148 2967 aeq.
2168 2934 2262 2960 Hono-

1252 2987 1292 3013 νὴ·
1309 2987 1360 3020 m,
1379 2991 1410 3012 no
1425 2985 1504 3013 3110.
