2392 3571
607 328 658 358 LE
682 328 826 358 LIBER
848 327 1083 358 CENSUUM
1106 327 1160 357 DE
1183 329 1370 362 L'EGLISE
1393 332 1602 363 ROMAINE.
2082 336 2148 365 15*

131 394 239 421 Actum
255 393 346 420 Reate
357 394 441 428 juxta
457 393 722 428 interpretationem
739 393 836 420 fratris
846 393 984 420 Gotit'redi
1002 401 1067 427 pre-

94 443 165 470 dicti
181 442 216 469 de
232 442 330 477 lingua
343 442 502 469 Teutonioa
519 443 546 469 in
566 442 704 469 Latinam.

130 491 167 519 Et
183 494 304 526 uterque
320 490 538 525 penitentiarius
560 491 688 526 prefatus
710 494 774 525 post
795 490 903 518 dictum
917 492 1068 525 juramen-

97 544 159 568 tum
173 539 298 566 absolvit
311 539 409 574 ipsum
425 538 582 566 Lodoicum
607 539 740 565 comitem
761 539 863 565 dicens
880 550 886 565 :
909 549 921 562 u
938 539 1067 565 Absolvo

96 592 126 615 te
139 589 310 615 auctoritate
321 596 378 622 qua
393 588 498 622 fungor
512 587 547 614 de
560 587 694 614 mandato
705 587 811 614 domini
827 595 898 622 pape
909 587 1039 622 speciali.
1053 598 1065 611 n

95 636 200 663 'restes
215 639 284 663 sunt
305 635 392 662 frater
408 635 612 670 Bonensengia
636 635 743 662 domini
766 644 836 670 pape
859 635 1066 666 marascalcus‚

97 684 246 712 Arnoldus
258 684 293 711 de
309 683 386 711 Luca
400 684 589 715 Teutonicus,
605 683 766 710 Balduinus
781 684 904 710 clericus
914 682 1068 709 Colonien-

97 734 150 766 sis,
162 733 330 760 Gotil'redus
340 733 498 759 canonicus
508 733 600 759 sancti
610 733 709 759 Severi
721 731 902 758 Coloniensis
913 735 941 758 et
955 731 1068 757 Johan-

96 789 149 809 nes
165 782 290 808 clericus
305 781 485 808 Bremensis.

131 830 194 865 Ego
214 830 300 857 Aimo
315 829 412 857 dictus
427 829 559 867 Ypocras
574 829 649 856 sacri
671 829 793 856 Romani
814 828 924 863 imperii
945 828 1068 855 scrinia-

98 879 159 906 rius
173 882 202 905 et
215 878 306 912 judex
324 878 488 905 ordinarius
502 877 617 904 interfui
633 881 662 904 et
678 881 796 912 rogatus
811 877 925 911 scripsi.

61 1098 106 1126 XI
122 1100 194 1126 b.—
207 1098 413 1126 Tssrmauruu
432 1097 564 1125 Lunovxct
585 1105 691 1124 com-ris
712 1105 746 1122 on
767 1096 894 1123 Fennssro
906 1100 925 1122 ¹.

134 1240 166 1267 In
182 1241 297 1267 nomine
313 1239 420 1266 domini
437 1247 530 1266 amen.
547 1239 632 1265 Anno
648 1238 792 1265 dominice
809 1239 966 1266 nativitatis
979 1239 1069 1265 mille-

97 1290 172 1316 simo
187 1289 386 1316 ducentesimo
402 1288 550 1314 tricesimo
567 1291 663 1320 sexto,
681 1287 837 1314 indictione
854 1295 942 1319 nona,
960 1287 1070 1314 mensis

98 1339 215 1372 augusti
231 1337 276 1363 die
288 1337 436 1369 vicesima,
448 1336 634 1371 pontificatus
648 1335 756 1362 domini
768 1335 900 1370 Gregorii
917 1335 983 1362 noni
999 1344 1069 1370 pape

97 1394 173 1413 anno
188 1385 311 1416 docimo,
329 1394 383 1419 ego
399 1385 543 1411 Lodoicus
558 1392 656 1411 comes
671 1384 706 1411 de
724 1384 840 1411 Fet-reto
853 1385 1004 1411 absolutus
1020 1393 1070 1419 per

101 1436 216 1462 fratrem
233 1435 412 1461 Gotel'ridum
431 1439 460 1460 et
480 1435 594 1461 fratrem
612 1434 793 1468 Raynaldunt
810 1433 917 1460 domini
935 1442 1004 1468 pape
1021 1442 1070 1468 pe-

101 1483 282 1510 nitentiarios
297 1483 332 1509 ab
348 1483 483 1509 omnibus
499 1483 849 1509 excommunicationibus
864 1483 971 1517 quibus
987 1487 1069 1509 tene-

99 1532 167 1559 bara
177 1532 309 1566 strictus,
326 1540 416 1558 sanus
427 1532 543 1566 quidem
561 1537 664 1562 mente,
684 1531 816 1557 infirmus
831 1537 926 1558 autem
939 1539 1069 1565 corpore,

102 1581 203 1607 nolens
224 1580 364 1606 decedere
384 1581 549 1612 intestatus,
573 1588 668 1606 coram
686 1581 835 1606 scriniario
851 1584 878 1606 et
896 1580 1070 1614 subscriptis

101 1630 226 1657 testibus
242 1630 275 1656 ad
293 1630 348 1656 hoc
363 1638 377 1656 a
395 1638 440 1656 me
454 1631 564 1664 rogatis
580 1630 805 1664 nuncupativum
822 1630 894 1656 facio
915 1633 1072 1655 testamen-

102 1682 162 1705 tum
181 1678 257 1712 quod
275 1679 337 1704 sine
354 1678 471 1713 sci-lptis
487 1678 592 1705 dicitur
612 1680 678 1712 jure
693 1677 780 1709 civili,
800 1678 826 1703 in
847 1686 903 1712 qno
925 1677 1071 1703 constituo

103 1727 172 1753 mihi
193 1726 327 1753 heredem
345 1727 496 1753 ecclesiam
519 1735 664 1752 romanam
688 1727 715 1752 in
739 1726 874 1752 omnibus
899 1726 982 1752 bonis
1000 1726 1072 1751 meis

103 1775 258 1801 mobilibus
274 1778 302 1801 et
318 1775 514 1801 immobilibus
530 1776 598 1801 mibi
621 1775 736 1809 dejure
758 1774 957 1809 spectantibus
972 1783 988 1799 a
1008 1774 1072 1808 qui-

103 1823 284 1857 buscumque
299 1823 482 1849 detineantur
498 1826 554 1849 tam
576 1824 603 1849 in
622 1824 740 1854 castris.
759 1823 842 1855 villis,
860 1822 1025 1848 hominibus
1045 1825 1073 1848 et

102 1872 236 1898 vassallis
256 1880 340 1905 qnam
363 1872 389 1897 in
414 1872 500 1897 rebus
521 1871 600 1903 altis,
618 1872 705 1897 salvis
727 1871 840 1897 duabus
857 1871 944 1903 villis,
962 1870 1072 1896 seilicet

103 1920 264 1954 Aghentztle
281 1924 308 1945 et
322 1919 541 1945 l)urlt·nst‹n·l”l12
555 1928 621 1945 cum
631 1920 766 1945 omnibus
778 1920 957 1953 pertinentiis
972 1919 1034 1944 suis
1045 1919 1073 1944 in

104 1968 257 1994 Basiliensi
274 1968 398 1998 diocesi,
417 1977 487 2002 quas
508 1968 580 1994 duas
597 1968 677 1994 villas
694 1968 784 2001 legavi
802 1968 881 1993 uxori
900 1975 972 1993 mee.
990 1966 1074 1992 Insu-

105 2026 155 2052 per
172 2018 234 2043 volo
262 2021 290 2044 et
314 2021 410 2043 statuo
434 2017 509 2051 quod
535 2017 630 2042 omnia
652 2017 774 2050 dampna
798 2017 871 2042 illata
893 2024 942 2050 per
966 2024 1010 2042 me
1032 2015 1073 2041 vel

105 2073 197 2092 meam
212 2066 412 2092 anctoritatem
431 2065 622 2092 restituantur
637 2065 671 2091 de
683 2065 767 2090 bonis
779 2065 850 2091 meis
863 2066 947 2097 juxta
959 2064 1075 2090 manda-

105 2119 165 2141 tum
182 2114 289 2140 domini
308 2122 379 2148 pape
393 2118 420 2140 et
440 2116 520 2148 juste
536 2113 782 2148 conquerentibus
797 2114 917 2139 satisfiat
934 2118 961 2139 et
977 2113 1011 2138 de
1027 2121 1073 2138 re-

104 2163 198 2189 siduis
215 2163 364 2188 mittantur
376 2163 529 2189 bellatores
541 2163 566 2188 in
584 2162 748 2188 subsidium
763 2161 850 2187 Terre
865 2162 978 2191 Sancte,
992 2163 1075 2195 juxta

104 2211 270 2237 mandatum
292 2211 399 2237 domini
417 2220 497 2245 pape.
515 2211 550 2237 Et
571 2211 625 2237 hoc
648 2215 692 2237 est
716 2210 846 2236 ultimum
871 2215 1074 2236 testamentum

107 2268 200 2286 mcum
219 2259 293 2293 quod
321 2260 384 2286 volo
400 2260 512 2286 firmum
530 2264 558 2286 et
578 2260 718 2285 illibatum
742 2264 880 2293 perpetuo
898 2266 1074 2293 permanere.

105 2309 212 2335 Actum
237 2308 327 2334 Reate
353 2308 514 2334 secundum
539 2308 802 2342 interpretationem
825 2308 920 2334 fratris
938 2307 1076 2333 Gotefridi

106 2357 228 2391 predicti
244 2357 278 2382 de
299 2357 397 2390 lingna
416 2357 575 2382 Teutonica
593 2357 619 2382 in
637 2357 763 2382 latinam.
779 2356 881 2381 Testes
900 2359 968 2382 sunt
991 2356 1077 2382 frater

104 2404 253 2432 Get-ardus
271 2404 489 2439 penitentiarins
511 2408 540 2430 et
563 2404 742 2439 capellanus,
764 2405 850 2430 frater
865 2404 1033 2430 Gutefridus
1049 2408 1078 2430 et

107 2454 194 2480 frater
220 2453 388 2488 Raynaldus
414 2453 621 2488 penitentiarii,
645 2453 730 2479 frater
754 2453 891 2488 Albertus
917 2453 950 2478 dc
980 2453 1077 2478 militia

105 2503 215 2538 Templi
239 2511 434 2537 supereocus,
451 2502 603 2528 Garol'alus
618 2510 707 2528 cocus
723 2502 830 2528 domini
847 2510 932 2536 pape,
956 2502 1078 2528 Enricus

108 2551 239 2577 medicus
266 2557 294 2577 et
321 2551 481 2578 Gotil'ridus
515 2551 639 2576 clericus
664 2551 784 2585 predicti
808 2551 903 2576 fratris
933 2550 1077 2577 Gotisridi.

108 2599 170 2634 Ego
187 2600 282 2634 Aymo
299 2599 394 2625 dictus
411 2599 541 2633 Ypocras
557 2600 630 2625 sacri
648 2599 769 2625 Romani
785 2599 896 2633 imperii
910 2599 1079 2625 scriniarius

106 2653 137 2674 et
148 2648 238 2682 judex
256 2648 419 2674 ordinarius
435 2648 550 2673 interfui
565 2652 593 2673 et
608 2651 726 2681 rogatus
741 2648 856 2682 scripsi.

112 2889 136 2915 1.
153 2888 188 2915 20
204 2889 272 2914 aout
288 2887 363 2914 1935.
380 2901 415 2907 —
430 2887 578 2920 Mumtori,
596 2888 672 2921 Ant„
688 2890 708 2912 t.
725 2885 749 2918 Ι,
767 2895 794 2921 p.
812 2886 872 2912 703.

109 2937 137 2964 2.
161 2935 339 2971 Hagenthal,
364 2937 429 2970 pres
453 2935 657 2969 d’Huningue;
682 2935 855 2962 Dii-linsdorf
877 2934 1081 2969 (Trianconrt),

73 2986 143 3021 git-es
159 2985 194 3011 de
210 2984 232 3011 F
233 2988 348 3011 errette.

1150 393 1193 421 XI
1204 404 1226 421 c.
1241 410 1276 416 —
1291 396 1371 429 Quon
1387 406 1583 426 ‘rest-memmi
1600 398 1729 426 Lunovtct
1745 407 1850 427 contris
1866 409 1900 426 οε
1917 400 2042 428 Fannss‘ro
2057 409 2146 430 onom

1185 452 1411 473 SATtsrAcriont-:st
1428 455 1592 474 matvxontm
1607 456 1766 476 nxsscuriost
1782 457 1926 476 nasot-:Tun
1936 450 1957 476 Ι.

1220 584 1378 619 Gregorius
1392 587 1548 621 episcopus
1563 595 1666 614 servus
1681 596 1829 614 servorum
1848 588 1910 616 Dei.
1929 588 2148 615 Venerabilibus

1185 632 1321 659 tratribus
1338 654 1356 660 ..
1369 633 1583 662 Constanticnsi
1599 639 1627 661 et
1644 657 1660 662 ..
1677 635 1854 662 Lausanensi
1866 637 2010 671 episcopis
2026 638 2146 664 salutem

1185 684 1212 706 et
1227 681 1412 715 apostolicam
1429 682 1668 710 benedictionem.
1680 683 1750 710 Cum
1769 684 1841 710 bone
1855 686 1990 711 memorie
2007 685 2148 712 Lodoicus

1185 736 1283 755 comes
1305 729 1340 755 de
1357 729 1472 756 Fet-reto
1488 731 1522 756 nd
1539 731 1635 757 sedem
1655 733 1840 766 apostolicam
1864 733 2051 764 accessisset,
2070 734 2150 759 inva-

1185 776 1270 802 dente
1290 777 1384 811 ipsum
1401 779 1564 812 egritudine
1579 788 1635 813 qua
1651 780 1777 806 decessit
1792 782 1817 806 ei
1834 781 1868 807 ab
1884 782 2017 808 omnibus
2032 789 2150 808 excom-

1186 826 1430 852 municationibus
1446 827 1552 860 quibus
1567 828 1717 854 tenebatur
1732 829 1868 855 astrictus
1879 838 1929 864 per
1939 830 2058 856 dilectos
2075 829 2149 855 filios

1185 872 1287 899 fratres
1303 873 1493 900 Gottel'ridum
1510 879 1538 902 et
1554 875 1730 910 Raynaldum
1749 877 1963 911 penitentiarios
1979 882 2093 905 nostros
2109 878 2150 904 se-

1186 921 1280 948 cimus
1295 922 1486 949 absolutionis
1509 924 1678 950 beneficium
1703 925 1849 959 impertiri.
1871 926 2007 961 Idemque
2026 927 2091 953 licet
2107 927 2151 953 in-

1186 968 1287 996 firmus
1302 978 1421 1004 corpore
1438 977 1533 998 mente
1550 976 1641 998 tamen
1666 980 1755 999 sanus
1776 973 1932 1000 Romanam
1951 975 2100 1001 ecclesiam
2121 976 2149 1001 in

1186 1017 1321 1044 omnibus
1339 1018 1422 1045 bonis
1438 1019 1501 1046 suis
1514 1020 1668 1046 mobilibus
1681 1024 1710 1046 et
1723 1021 1916 1048 immobilibus
1931 1032 1946 1048 a
1961 1023 2150 1057 quibuscum-

1186 1074 1242 1099 que
1257 1065 1450 1097 detineantur,
1472 1068 1600 1102 exceptis
1616 1068 1728 1095 duabus
1748 1069 1821 1095 villis
1837 1070 1967 1096 videlicet
1988 1071 2148 1104 Aghentale

1187 1118 1215 1139 et
1230 1113 1434 1141 Durlenstorsh
1451 1123 1515 1141 cum
1529 1116 1708 1150 pertinentiis
1724 1117 1797 1150 suis,
1810 1118 1873 1143 sitis
1888 1119 1914 1144 in
1931 1118 2080 1145 Basiliensi
2091 1119 2152 1144 dio-

1187 1163 1257 1194 cesi,
1274 1171 1347 1197 quas
1362 1163 1466 1197 legarit
1483 1165 1566 1190 uxori
1582 1173 1649 1197 sue,
1666 1165 1700 1190 dc
1717 1165 1800 1191 bonis
1816 1166 1878 1191 suis
1890 1167 1973 1200 juxta
1989 1166 2151 1193 mandatum

1188 1215 1318 1237 nostrum
1331 1212 1412 1245 juste
1428 1213 1673 1246 conquerentibus
1689 1214 1808 1239 satisfiat
1820 1218 1847 1240 et
1858 1214 1892 1239 <le
1909 1214 2023 1240 residuo
2039 1215 2154 1241 mittan-

1187 1262 1234 1285 tur
1249 1259 1402 1286 bellatores
1422 1260 1449 1286 in
1469 1261 1630 1287 subsidium
1655 1261 1742 1287 Terre
1763 1262 1867 1288 Sancte
1890 1267 1971 1297 prout
1995 1264 2021 1289 in
2040 1263 2153 1297 publico

1187 1308 1379 1334 instrumento
1403 1308 1468 1334 inde
1493 1309 1623 1335 confecto
1649 1310 1761 1344 plenius
1781 1311 1952 1337 continetur.
1973 1311 2043 1337 Cum
2067 1311 2155 1345 igitur

1188 1357 1274 1383 nichil
1299 1358 1392 1391 magis
1413 1357 1578 1383 hominibus
1595 1358 1732 1384 debeatur
1752 1368 1836 1392 quam
1862 1363 1891 1385 ut
1913 1368 2008 1385 earnm
2033 1359 2154 1385 satisfiat

1188 1405 1288 1432 ultime
1305 1406 1452 1437 voluntati,
1467 1407 1589 1432 maxime
1605 1415 1689 1440 quam
1707 1408 1796 1440 pietas
1813 1408 1973 1437 comitatur,
1987 1408 2153 1433 fraternitati

1187 1458 1282 1480 vestre
1299 1462 1348 1488 per
1363 1454 1520 1488 apostolica
1535 1455 1641 1488 scripta
1657 1456 1826 1481 mandamus
1847 1456 1982 1488 quatinus
2000 1459 2155 1481 testamen-

1187 1506 1247 1528 tum
1278 1503 1372 1536 ipsum
1401 1502 1493 1536 quoad
1519 1503 1743 1529 satisfactionem
1773 1504 1959 1537 dampnorum
1989 1504 2154 1530 executioni

1188 1551 1371 1582 mandantes.
1388 1551 1614 1577 contradictores
1631 1559 1681 1585 per
1695 1559 1846 1577 censuram
1863 1551 2087 1578 ecclesiasticam
2103 1560 2155 1586 ap-

1189 1600 1339 1633 pellatione
1356 1600 1515 1634 postposita
1529 1600 1717 1633 compellatis,
1734 1604 1830 1633 etque
1847 1600 1959 1626 residua
1973 1600 2088 1626 suerunt
2104 1608 2154 1634 pro

1188 1648 1318 1674 subsidio
1345 1652 1418 1674 terre
1442 1648 1568 1682 predicte
1593 1648 1675 1674 nobis
1700 1657 1750 1682 per
1771 1648 1879 1674 litteras
1903 1654 2013 1674 vestras
2036 1648 2155 1675 fideliter

1187 1692 1338 1722 intimetis.
1354 1696 1458 1722 Datum
1476 1695 1596 1722 viterbii
1615 1695 1685 1721 XVI
1704 1696 1758 1722 kal.
1772 1696 1848 1730 julii,
1867 1696 2048 1730 pontificatus
2065 1696 2153 1722 nostri

1187 1753 1262 1771 anno
1279 1744 1442 1771 undecimo.

1155 1963 1238 1991 Xltl.
1252 1979 1284 1982 —
1297 1962 1492 1990 Cos-munuca
1510 1972 1619 1990 ELECNO
1636 1963 1811 1990 Memnonis
1829 1972 1861 1990 ne
1880 1964 1997 1990 Amos-,x
2017 1972 2108 1990 anseri
2130 1972 2155 1989 m

1190 2020 1328 2038 DECAMUM
1348 2020 1467 2038 CAPELLE
1488 2021 1564 2039 Ducis
1585 2012 1762 2039 Dtvioxzxsis
1782 2012 1963 2039 LthiONhSSlS
1984 2021 2101 2039 bloet-:515
2122 2020 2156 2037 AD

1192 2069 1279 2087 sant-:³1
1299 2069 1486 2088 APOSTOLchM
1506 2064 1711 2087 PERTlxt-mrisQ.

1227 2203 1416 2230 Innocentius
1431 2203 1586 2238 episcopus
1605 2212 1707 2229 servus
1723 2211 1872 2229 servorum
1892 2203 1941 2229 Uei
1961 2203 2073 2229 dilectis
2093 2203 2159 2229 filiis

1193 2251 1319 2286 capitulo
1335 2252 1442 2286 capelle
1458 2251 1540 2278 ducis
1559 2251 1744 2277 Divionensis
1761 2251 1953 2285 Lingonensis
1967 2251 2101 2281 diocesis,
2114 2259 2160 2277 sa-

1194 2300 1282 2326 lutem
1307 2305 1334 2326 et
1358 2300 1543 2335 apostolicam
1571 2299 1809 2326 benedictionem.
1830 2300 1900 2326 Cum
1924 2300 2046 2326 ecclesia
2066 2304 2160 2325 vestra

1193 2357 1249 2383 que
1266 2348 1300 2374 ad
1321 2348 1418 2374 sedem
1439 2349 1625 2383 apostolicam
1650 2349 1726 2374 nullo
1753 2349 1873 2382 pertinet
1896 2349 2036 2374 mediante
2060 2348 2160 2374 decani

1194 2398 1295 2424 solatio
1311 2397 1464 2430 destituta,
1482 2405 1534 2423 vos
1549 2398 1756 2423 convenientes
1772 2397 1799 2423 in
1822 2406 1924 2428 unum,
1941 2397 1985 2423 die
1999 2397 2034 2423 ad
2050 2398 2161 2431 eligen-

1195 2446 1262 2472 dum
1281 2446 1403 2480 prefixa,
1421 2447 1529 2472 vocatis
1552 2446 1686 2471 omnibus
1705 2445 1754 2479 qui
1768 2445 1908 2471 debebant
1924 2451 1951 2471 et
1968 2450 2097 2480 poterant
2116 2446 2162 2471 in·

1196 2498 1316 2523 teresse,
1331 2494 1357 2519 in
1370 2498 1493 2527 quatuor
1505 2502 1540 2519 ex
1556 2493 1638 2519 vobis
1652 2497 1716 2518 vota
1731 2499 1825 2518 vestra
1839 2493 1978 2519 duxeritis
1990 2492 2161 2519 conferenda

1197 2546 1226 2568 ut
1242 2542 1320 2567 illum
1339 2542 1364 2567 in
1380 2542 1518 2568 decanum
1537 2542 1629 2576 ipsius
1645 2541 1766 2567 ecclesie
1784 2541 1910 2575 recipere
1927 2542 2065 2567 curaretis
2076 2548 2161 2574 quem

1195 2590 1251 2624 ipsi
1276 2590 1413 2616 ducerent
1435 2589 1615 2615 concorditer
1637 2588 1815 2622 eligendum,
1842 2588 1926 2614 iidem
1947 2589 2083 2615 adhibitis
2103 2588 2162 2614 sol-

1199 2836 1222 2862 1.
1243 2836 1348 2870 16juin
1369 2835 1444 2861 1237.
1460 2848 1496 2871 '.-
1511 2834 1657 2867 Potthast‚
1675 2841 1705 2860 n⁰
1724 2834 1820 2860 lomi:
1839 2833 1990 2864 Mat-aton,
2007 2835 2082 2867 Ant„
2099 2837 2120 2860 t.
2137 2833 2160 2865 Ι,

1161 2894 1188 2920 p.
1205 2884 1266 2911 705.

1195 2933 1222 2959 2.
1247 2933 1262 2960 9
1285 2933 1390 2959 sevrier
1419 2932 1494 2958 1247.
1518 2945 1554 2951 —
1577 2931 1632 2957 Sur
1657 2936 1731 2957 cette
1757 2931 1900 2965 chapelle,
1927 2939 1953 2956 v,
1979 2930 2162 2961 ci-dessous,

1161 2991 1189 3017 p.
1211 2982 1268 3014 190,
1286 2985 1352 3008 note
1367 2981 1393 3007 ’2.
