2392 3571
602 336 652 365 LE
676 336 821 366 LIBER
844 334 1080 366 CENSUUM
1105 334 1158 363 DE
1184 326 1367 366 L'E'G[,ISE
1390 337 1600 368 ROMAINE.
2101 340 2151 371 3*

91 403 226 433 Domini
245 402 390 432 affabilis
411 406 442 432 et
467 401 682 432 misericors?
698 402 859 439 Respondet
875 412 885 430 .·
906 400 997 431 Volo.
1023 401 1058 430 Et

91 455 173 484 dicat
186 455 329 484 (lominus
341 465 350 482 :
367 455 434 484 Hec
445 454 555 484 omnia
569 458 599 484 et
611 458 720 484 cetera
733 454 819 484 bona
833 458 863 484 et
877 458 986 484 cetera
997 453 1058 483 tibi

93 507 215 537 tribuat
236 507 398 537 Dominus
422 511 453 537 et
474 507 638 537 custodiat
655 511 684 537 te
706 511 803 545 atque
820 507 1007 536 corroboret
1023 506 1058 535 in

90 560 181 590 omni
193 560 288 590 bono.
303 561 338 589 Et
351 560 531 597 respondent
545 569 647 589 omnes
663 570 673 588 :
690 560 808 589 Amen.
822 561 1036 597 Ιηιεννοραιτιν
1048 569 1058 587 :

90 613 208 643 Credis
223 612 405 642 secundum
422 612 681 650 intelligentiam
697 618 785 642 tuam
798 616 829 642 et
843 612 1059 649 capacitatem

92 673 211 695 sensus
230 665 277 694 tui
299 670 447 695 sanctam
465 665 676 701 Trinitatem,
694 666 825 695 Patrem
843 669 874 694 et
890 664 1012 694 Filium
1029 668 1060 694 et

92 718 255 756 Spiritum
278 719 451 753 Sanctum,
477 727 580 747 unum
603 718 708 747 Deum
727 718 987 755 omnipotentem
1011 721 1060 746 to-

92 775 225 809 tamque
247 771 282 800 in
306 771 468 800 Trinitate
487 771 642 800 deitatem
659 770 912 800 coessentialem
930 774 960 800 et
981 778 1060 799 con-

91 823 358 858 substantialem,
376 828 569 853 coeternum
583 828 613 853 et
629 823 928 861 coomnipotentem
942 823 1060 852 unius-

90 885 155 915 que
169 876 349 906 voluntatis
363 876 535 914 potestatis
548 879 578 905 et
591 875 787 914 majestatis.
803 879 984 905 creatorem
995 883 1060 904 om-

93 929 185 958 nium
203 933 429 958 creaturarum
448 938 464 958 a
483 937 546 967 quo
563 928 675 958 omnia
690 932 721 958 et
737 928 771 956 in
790 936 854 966 quo
873 928 982 957 omnia
997 936 1062 966 que

91 986 170 1011 sunt
188 981 222 1010 in
247 981 316 1011 celo
332 986 364 1011 ct
386 982 420 1010 in
444 986 531 1011 terra
552 980 699 1010 visibilia
718 984 749 1010 et
767 980 976 1009 invisibilia?
994 981 1062 1009 Res-

88 1035 199 1072 pondet
221 1045 230 1062 .·
255 1034 412 1064 Assentio
431 1038 462 1064 et
485 1034 532 1063 ita
550 1033 657 1063 credo.
683 1035 896 1070 Interroqatnr
915 1043 924 1061 :
946 1032 1062 1063 Credis

93 1087 261 1125 singulam
291 1095 457 1126 quamque
489 1087 523 1115 in
554 1090 667 1116 sancta
696 1086 858 1116 Trinitate
887 1094 1063 1124 personam

92 1149 196 1169 unum
211 1141 316 1170 Deum
334 1149 448 1170 verum
461 1139 595 1178 plenum
611 1144 641 1169 et
654 1139 861 1177 perfeetum?
877 1139 1038 1176 Respondet
1052 1149 1062 1167 .-

93 1192 210 1223 Credo.
229 1193 443 1230 Interroyalttr
454 1192 592 1222 :Credis
606 1192 716 1230 ipsum
729 1192 790 1221 Dei
807 1191 913 1221 filium
925 1191 1063 1221 ret-bum

93 1245 155 1275 Dei
181 1245 374 1275 eternaliter
396 1249 510 1274 natum
534 1245 573 1274 de
598 1245 711 1279 Patre,
732 1244 1062 1279 consubstantialem,

94 1297 392 1335 coomnipotentem
410 1301 441 1327 et
457 1297 647 1335 coequalem
660 1306 717 1335 per
733 1297 845 1327 onmia
862 1297 953 1327 Patri
969 1302 1001 1326 et
1018 1297 1064 1326 di-

94 1350 232 1379 vinitate
264 1349 487 1388 temporaliter
517 1354 631 1379 natum
660 1350 698 1379 de
724 1350 850 1387 Spiritu
876 1351 996 1380 Sancto
1027 1359 1065 1380 ex

95 1403 201 1432 Maria
217 1412 347 1440 semper
363 1402 493 1440 virgine
509 1411 583 1432 eum
599 1403 709 1432 anima
726 1403 893 1437 rationali,
911 1403 992 1432 duas
1008 1403 1064 1432 ha-

94 1455 229 1486 bentem
247 1455 439 1485 nativitates
456 1464 556 1485 unam
572 1464 610 1485 ex
632 1460 724 1493 patre
742 1460 904 1490 eternam,
927 1455 1065 1485 alteram

95 1517 134 1538 ex
149 1512 254 1538 matre
273 1507 502 1546 temporalem,
520 1509 627 1538 Deum
641 1517 757 1538 verum
775 1512 806 1538 et
823 1508 993 1538 hominem
1009 1517 1065 1537 ve-

94 1570 184 1593 rum,
203 1561 373 1599 proprium
395 1561 429 1590 in
450 1566 591 1600 utraque
613 1565 731 1591 natura
754 1566 852 1600 atque
869 1561 1063 1599 perfectum,

95 1623 161 1644 non
177 1614 368 1652 adoptivum
386 1623 493 1653 neque
509 1615 738 1647 fantasticum,
757 1615 893 1644 unicum
913 1618 944 1644 et
961 1623 1066 1644 unum

96 1668 218 1703 Deum,
237 1667 344 1696 filium
369 1667 430 1697 Dei
453 1668 488 1697 in
513 1668 641 1697 duabus
667 1668 796 1697 naturis
822 1668 879 1698 sed
902 1668 937 1696 in
964 1667 1065 1697 unius

95 1728 236 1758 persone
257 1720 504 1758 singularitate,
525 1721 766 1759 impassibilem
792 1725 823 1751 et
845 1720 1067 1750 immortalem

97 1773 271 1803 divinitate
287 1764 395 1802 sedin
417 1773 624 1803 humanitate
641 1782 698 1811 pro
716 1773 810 1803 nohis
832 1777 863 1803 et
878 1782 936 1811 pro
954 1777 1066 1802 nostra

96 1825 203 1856 salute
227 1835 361 1864 passum
381 1836 457 1856 vera
480 1826 590 1856 carnis
611 1826 782 1864 passione,
806 1831 835 1855 et
853 1825 1017 1864 sepultum
1035 1829 1066 1854 et

96 1883 326 1916 resurgentem
340 1888 358 1908 a
374 1879 513 1909 mortuis
530 1879 581 1909 die
602 1879 703 1909 tercia
721 1888 797 1908 vera
814 1879 924 1907 carnis
941 1887 1066 1908 ressur-

97 1932 261 1964 rectione.
295 1932 348 1962 die
379 1932 632 1970 quadragesimo
665 1936 737 1970 post
770 1931 1066 1961 ressurrectionem

96 1994 174 2015 cum
203 1993 301 2015 carne
332 1994 395 2023 qua
427 1985 570 2014 surrexit
604 1990 633 2014 et
669 1985 779 2014 anima
812 1984 1002 2014 ascendisse
1031 1983 1067 2012 in

97 2037 206 2068 celum
223 2042 253 2067 et
270 2037 384 2067 sedere
402 2037 442 2067 ad
455 2038 622 2068 dexteram
639 2038 699 2067 Dei
717 2037 837 2072 Patris.
854 2037 942 2067 unde
955 2040 1067 2065 ventu-

97 2100 156 2120 rus
179 2095 227 2120 est
248 2091 399 2130 judicare
422 2091 513 2121 vivos
537 2095 568 2120 et
591 2095 753 2125 mortuos,
776 2095 807 2120 et
828 2090 965 2120 reddere
991 2089 1068 2118 uni-

99 2144 218 2182 cuique
236 2144 417 2174 secundum
434 2153 533 2182 opera
555 2152 630 2173 sua.
649 2143 718 2173 sive
734 2144 819 2173 bona
838 2143 978 2177 fuerint,
999 2143 1067 2171 sive

99 2197 210 2226 mala?
231 2198 389 2234 Respondet
412 2207 421 2225 .·
443 2197 599 2226 Assentio
625 2201 654 2226 et
676 2205 731 2234 per
753 2196 865 2226 onmia
886 2196 993 2226 credo.
1015 2196 1068 2224 [η-

101 2255 276 2287 terroyatttr
292 2260 300 2278 :
318 2249 434 2280 Credis
457 2250 556 2279 etiam
579 2249 741 2287 Spiritum
757 2250 914 2279 Sanctum
934 2248 1068 2286 plenum

101 2306 133 2332 et
148 2303 331 2340 perfectum
347 2311 527 2340 verumque
545 2303 650 2332 Deum
670 2311 706 2332 ex
727 2303 822 2332 Patre
840 2306 871 2331 et
893 2301 977 2331 Filio
994 2310 1069 2338 pro-

101 2354 283 2388 cedentem,
302 2354 493 2392 coequalem
514 2359 543 2384 et
565 2354 816 2384 coessentialem
834 2359 865 2383 et
880 2353 1070 2391 coomnipo-

102 2411 226 2437 tentem
250 2410 281 2436 et
305 2411 495 2436 coeternum
512 2416 569 2444 per
588 2407 699 2436 omnia
718 2406 809 2436 Patri
831 2411 862 2436 et
881 2406 988 2436 Filio?
1003 2407 1071 2435 Res-

99 2460 210 2498 pondet
235 2470 245 2488 .·
268 2459 385 2490 Credo.
410 2460 624 2496 Interroyatnr
645 2470 655 2487 .·
679 2459 793 2489 Credis
816 2459 901 2487 hane
923 2463 1070 2487 sanctam

101 2512 301 2543 Trinitatem
320 2520 384 2540 non
411 2517 475 2541 tres
499 2512 584 2540 Deos
601 2511 659 2541 sed
681 2520 785 2541 unum
800 2512 904 2540 Deum
922 2511 1072 2548 omnipo-

104 2569 244 2598 tentem.
269 2569 435 2599 eternum,
459 2563 664 2593 invisibilem
686 2568 717 2592 et
742 2563 1073 2593 incommutabilem?

103 2617 264 2655 Respondet
280 2627 289 2644 :
313 2616 429 2646 Credo.
454 2617 667 2652 Interroyatur
687 2626 696 2644 :
714 2616 830 2646 Credis
850 2621 997 2645 sanctam
1019 2625 1075 2645 ca-

104 2669 260 2700 tholicam
279 2675 307 2698 et
325 2668 538 2706 apostolicam
552 2677 651 2697 unam
667 2677 739 2698 esse
753 2678 862 2698 veram
879 2668 1071 2702 Ecclesiam,

104 2723 140 2753 in
159 2732 221 2761 qua
239 2722 335 2751 datur
351 2721 514 2759 baptisma
528 2725 557 2751 et
572 2730 649 2750 vera
665 2721 813 2751 omnium
831 2722 983 2751 remissio
1000 2732 1074 2760 pec-

106 2780 254 2805 catorum
264 2775 278 2803 :²
290 2775 451 2812 Respondet
464 2784 473 2802 :
490 2773 606 2804 Credo.
623 2775 836 2811 Interroqatttr
847 2785 856 2802 .·
871 2775 1075 2805 Anathema-

107 2828 186 2858 tizas
203 2827 302 2857 etiam
323 2835 455 2856 omnem
474 2826 620 2856 heresim
636 2826 846 2856 extollentem
865 2836 900 2856 se
916 2828 1074 2857 adversus

105 2884 255 2911 sanctam
276 2879 457 2909 Ecclesiam
475 2878 696 2908 catholicam?
717 2880 878 2916 Respondet
895 2890 904 2907 :
928 2880 1075 2910 Antithe-

105 2933 233 2963 matizo.
256 2934 470 2970 Interroyatur
487 2943 496 2960 .·
514 2931 628 2962 Credis
646 2931 745 2960 etiam
765 2940 873 2961 veram
891 2941 1076 2961 ressurrec-

106 2985 230 3015 tionem
249 2985 397 3023 ejusdem
424 2984 534 3014 carnis
556 2992 655 3022 quam
676 2992 764 3014 nunc
789 2988 898 3022 gestas
921 2989 951 3014 et
974 2985 1076 3014 vitam

1181 405 1329 431 eternam
1345 402 1358 430 ⁵?
1383 404 1544 440 Respondet
1574 415 1583 432 .·
1614 404 1729 434 Credo.
1758 406 1973 441 Interroqatur
1997 416 2007 434 :
2034 406 2151 436 Credis

1181 453 1279 482 etiam
1294 455 1370 484 novi
1385 460 1415 485 et
1428 456 1550 486 veteris
1563 457 1761 491 testamenth
1775 457 1858 494 legis
1871 462 1901 487 et
1915 457 2149 495 prophetarum

1182 510 1212 535 et
1232 507 1452 544 apostolorum
1471 517 1573 537 unum
1593 518 1665 538 esse
1686 514 1851 539 auctorem
1875 511 1979 539 Deum
1998 515 2028 539 et.
2044 510 2151 540 domi-

1182 568 1261 588 num
1278 560 1559 598 omnipotentem?
1574 563 1734 600 Respondet
1750 573 1759 590 .·
1776 562 1892 593 Credo.
1911 564 1945 592 Et
1959 564 2082 592 dicatur
2097 565 2124 593 et·
2139 574 2149 592 .-

1181 613 1250 642 Hee
1267 612 1346 642 fides
1360 618 1521 650 augeatur
1533 624 1551 643 a
1567 614 1707 644 Domino
1723 615 1763 644 ad
1775 624 1884 644 veram
1900 616 1985 645 etad
2002 620 2149 646 eternam

1181 665 1432 700 beatitudinem,
1455 666 1671 697 dilectissime
1689 668 1722 696 in
1740 668 1873 698 Christo
1898 668 1958 697 tili.
1976 670 2009 697 Et
2027 678 2150 707 respon-

1181 718 1271 746 deant
1287 727 1390 747 omnes
1406 729 1415 747 .·
1435 720 1550 749 Anien.

1222 771 1305 799 Tunc
1323 772 1404 800 vadit
1421 772 1564 801 dominus
1578 782 1659 810 papa
1675 774 1714 802 ad
1729 775 1943 802 secretarium.
1962 779 1986 802 et
2005 774 2107 803 induit
2122 783 2151 802 se

1178 823 1408 859 pontificalibus
1428 825 1617 854 indumentis
1634 835 1725 862 usque
1742 826 1781 854 ad
1799 826 2009 861 dalmaticam,
2027 835 2087 863 qua
2106 827 2151 855 in-

1181 875 1272 904 dttttcs
1288 877 1375 905 sedet.
1395 877 1524 906 Interim
1544 879 1697 915 episeopus
1721 879 1894 907 I'ortztensis
1916 880 1947 907 in
1972 879 2067 907 medio
2088 883 2151 907 rote

1182 929 1322 957 mediane-
1343 929 1393 957 dat
1412 930 1492 959 hane
1507 932 1674 959 orationem
1689 940 1779 967 super
1796 932 1927 960 Electum
1946 941 1955 959 .·
1973 932 2059 960 Deus
2078 932 2149 961 ine-

1183 981 1373 1011 narrabilis.
1390 986 1503 1011 auctor
1518 983 1634 1011 mundi
1648 988 1672 1012 et
1689 988 1783 1012 cetera
1800 985 1879 1012 sicul
1895 985 1925 1012 in
1946 986 2087 1013 unctione
2104 993 2152 1013 re-

1182 1034 1239 1070 yt's.
1267 1034 1373 1062 Finita
1395 1035 1532 1063 oratione
1559 1036 1640 1064 radit
1667 1037 1784 1065 Electus
1810 1037 1849 1064 atl
1875 1038 1999 1065 chorum
2017 1040 2024 1056 ¹
2052 1038 2152 1066 sancti

1186 1087 1323 1123 Greyorit‘
1337 1096 1407 1115 eum
1422 1088 1556 1124 predicto
1570 1089 1782 1117 cardinalium
1794 1090 2053 1126 archipresbytero
2067 1095 2091 1118 et
2103 1099 2152 1118 ar-

1185 1140 1374 1175 chidiacono,
1388 1141 1497 1177 quibus
1513 1143 1602 1178 quast
1618 1143 1775 1178 magistris
1791 1144 1838 1170 uti
1854 1143 1932 1170 <ittet
1950 1144 2052 1171 inloto
2063 1143 2153 1179 offitio

1185 1193 1353 1224 unctionis.
1374 1198 1399 1221 et
1419 1193 1554 1222 induunt
1577 1203 1645 1222 eum
1665 1195 1781 1223 amictu
1800 1199 1824 1223 el
1847 1195 1913 1222 alba
1931 1200 1955 1223 et
1974 1196 2108 1231 einardo,
2127 1200 2153 1223 et

1186 1247 1229 1274 sie
1240 1245 1393 1274 deducunt
1405 1255 1471 1274 eum
1485 1247 1524 1275 art
1538 1247 1696 1275 dominum
1709 1256 1820 1284 papam
1834 1249 1863 1275 in
1879 1248 2088 1276 secretarium.
2100 1248 2154 1275 ibi-

1187 1307 1243 1335 que
1255 1300 1347 1334 saliat
1361 1308 1427 1327 enm
1446 1300 1591 1328 clericum
1606 1305 1630 1328 et
1643 1300 1776 1328 concedit
1790 1301 1816 1328 ei
1831 1301 1980 1334 tunicam,
1997 1305 2022 1328 et
2033 1300 2155 1328 dalma-

1188 1352 1292 1384 ticam,
1306 1356 1331 1379 el
1341 1352 1522 1388 pluvialem.
1532 1357 1557 1380 et
1567 1353 1706 1381 mitram.
1716 1354 1831 1389 Ctt:'t'9lls
1840 1358 1866 1381 et
1877 1353 2030 1386 sandalia,
2045 1353 2154 1389 quihus

1186 1408 1296 1432 utatur
1314 1405 1346 1432 in
1367 1403 1587 1442 coronafflone]
1604 1414 1671 1434 sua.
1690 1410 1715 1433 et
1733 1406 1776 1434 sic
1799 1406 1926 1433 indutus
1941 1410 1999 1434 stat
2015 1411 2085 1434 ante
2101 1405 2155 1433 do—

1190 1458 1310 1485 minum
1323 1466 1447 1494 papam.
1462 1458 1567 1486 l'erztnz
1585 1459 1729 1495 completo
1739 1459 1902 1487 scrutinio.
1917 1459 1976 1486 exit
1990 1459 2156 1486 Hostiensis

1187 1510 1342 1547 episeopus
1357 1510 1396 1538 acl
1408 1515 1531 1547 portam
1544 1511 1736 1547 Aryetzteatn,
1752 1511 1804 1539 ubi
1821 1512 1932 1547 Reyina
1949 1519 2017 1539 eum
2033 1511 2155 1548 judici-

1189 1562 1242 1590 bus
1255 1567 1280 1590 et
1294 1563 1458 1591 baronibus
1468 1564 1532 1591 suis
1541 1563 1728 1600 prestolatur
1739 1568 1764 1592 et
1775 1563 1825 1591 slat
1837 1565 1864 1591 ei
1875 1564 1955 1592 lianc
1965 1564 2134 1592 orationem
2145 1573 2155 1590 .-

1188 1614 1405 1652 Omnipotens
1433 1619 1545 1645 eterne
1572 1616 1672 1649 Deus,
1701 1616 1776 1645 fons
1802 1619 1831 1645 et
1859 1616 1951 1653 origo
1978 1614 2153 1648 honitatis,

1188 1667 1245 1705 qui
1270 1667 1431 1697 femineia
1453 1676 1550 1697 sexus
1573 1668 1789 1706 fragilitatem
1811 1677 2020 1706 nequaquam
2040 1675 2154 1705 repro-

1187 1720 1295 1750 bando
1311 1721 1476 1751 aversaris
1490 1721 1514 1753 ¹³.
1529 1721 1586 1751 sed
1602 1721 1778 1759 dignanter
1791 1721 2031 1759 comprobando
2044 1721 2155 1758 potius

1189 1772 1301 1810 eligis,
1322 1777 1353 1802 et
1372 1773 1428 1811 qui
1448 1773 1580 1802 infirma
1596 1773 1711 1803 mundi
1729 1773 1890 1811 eligendo,
1909 1782 2038 1812 queque
2055 1773 2155 1802 fortia

1188 1826 1391 1856 confundere
1408 1826 1595 1860 decrevisti,
1613 1827 1736 1864 quique
1753 1831 1865 1856 eterne
1884 1826 1987 1863 glorie
2004 1825 2156 1855 virtutis—

1189 1888 1252 1917 que
1280 1883 1335 1908 tue
1363 1879 1568 1917 triumphum
1590 1879 1625 1908 in
1648 1888 1749 1909 mann
1771 1879 1863 1910 Judit
1883 1879 2007 1909 femine
2022 1879 2154 1917 judaice

1188 1931 1276 1969 plebi
1293 1931 1331 1961 de
1352 1931 1446 1961 hoste
1466 1932 1642 1961 sevissimo
1666 1932 1836 1969 resignare
1854 1932 2002 1967 voluisti,
2028 1932 2156 1969 respice

1190 1993 1371 2022 quesumus
1388 1984 1427 2013 ad
1444 1993 1557 2022 preces
1572 1984 1772 2014 humilitatis
1787 1989 1897 2021 nostre
1912 1989 1941 2014 et
1957 1994 2055 2022 super
2070 1984 2156 2013 hanc

1189 2036 1349 2066 famulam
1367 2041 1457 2066 tuam
1473 2037 1514 2066 N.
1535 2046 1633 2075 quam
1654 2036 1795 2075 supplici
1817 2037 1989 2066 devotione
2012 2037 2046 2065 in
2070 2035 2157 2073 regi-

1191 2098 1268 2118 nam
1293 2089 1463 2126 eligimus,
1489 2089 1757 2119 benedictionum
1782 2093 1912 2117 tuarum
1935 2089 2019 2117 dona
2044 2087 2158 2117 multi-

1190 2141 1288 2179 plica,
1306 2150 1445 2180 eamque
1461 2141 1595 2171 dextera
1611 2146 1664 2171 tue
1682 2141 1826 2179 potentie
1843 2150 1972 2179 semper
1989 2145 2019 2170 et
2034 2140 2158 2178 ubique

1191 2194 1375 2229 circumda,
1393 2198 1428 2223 ut
1445 2194 1544 2223 verbo
1566 2193 1763 2223 muniminis
1787 2194 1835 2223 tui
1854 2193 2001 2231 undique
2021 2193 2160 2222 firmiter

1191 2252 1352 2285 protecta,
1381 2246 1526 2276 visibilis
1556 2255 1614 2276 seu
1641 2246 1824 2275 invisibilis
1856 2246 1959 2276 hostis
1991 2246 2159 2284 nequitias

1193 2300 1437 2338 triumphanter
1464 2308 1651 2338 expugnare
1675 2299 1796 2329 valeat.
1820 2304 1850 2329 et
1876 2308 1940 2328 una
1965 2308 2037 2329 cum
2062 2300 2159 2329 Sarra

1193 2358 1290 2391 atque
1309 2353 1472 2387 Rebecca,
1492 2352 1551 2381 Lia
1572 2357 1601 2382 et
1627 2352 1753 2382 Rachel
1775 2352 1880 2381 beatis
1903 2352 2160 2391 reverendisque

1193 2406 1329 2435 seminis
1345 2406 1457 2434 fructu
1471 2405 1556 2434 uteri
1570 2405 1623 2434 sui
1634 2405 1810 2443 jocundari
1821 2410 1831 2423 ⁰
1849 2414 1905 2434 seu
1923 2404 2083 2442 gratulari
2096 2413 2161 2434 me-

1193 2463 1305 2488 reatur
1321 2458 1361 2487 ad
1376 2457 1527 2487 decorem
1543 2457 1753 2495 totius’regni
1767 2461 1955 2495 statumque
1972 2462 2083 2487 sancte
2100 2458 2162 2487 Dei

1186 2634 1210 2658 a)
1226 2631 1290 2653 Cott.
1307 2635 1409 2652 semen.

1187 2675 1211 2700 hy
1227 2675 1291 2696 Cori.
1309 2673 1473 2696 adversaris.

1187 2719 1210 2745 c]
1227 2719 1290 2740 (foll.
1309 2716 1461 2739 secundm-i.

1196 2892 1219 2916 l.
1237 2891 1272 2916 ad
1287 2890 1402 2915 chorum
1423 2898 1446 2914 s.
1470 2889 1600 2922 Gregorii]
1626 2888 1664 2914 La
1684 2889 1811 2924 chapelle
1830 2890 2069 2926 Saint-Gregoire
2085 2893 2165 2918 s'ou-

1157 2939 1231 2965 vrait.
1246 2947 1281 2964 au
1301 2939 1350 2963 bas
1364 2937 1399 2963 de
1415 2938 1440 2963 la
1457 2937 1506 2963 nef
1519 2937 1632 2963 latei-ate
1648 2937 1683 2963 de
1703 2939 1830 2972 gauche,
1848 2944 1910 2965 tout
1930 2941 1997 2974 pres
2013 2940 2048 2966 de
2069 2941 2095 2966 la
2116 2948 2167 2966 sa-

1158 2987 1255 3013 cristie
1276 2994 1312 3012 ou
1327 2987 1516 3012 secretarium.
1535 2984 1607 3020 roy.
1627 2987 1652 3012 L.
1667 2987 1707 3018 P.,
1725 2990 1744 3012 t.
1760 2986 1798 3020 II,
1816 2996 1843 3021 p.
1861 2987 1905 3021 83,
1921 2994 1987 3014 note
2003 2988 2029 3016 3.
