2392 3571
163 323 212 353 4*

206 387 352 418 Ecclesie
368 386 546 424 regendum
566 394 692 415 necnon
709 384 963 422 protegendum:
981 391 1038 421 per
1054 381 1170 412 Chris-

205 445 275 470 tum
291 439 466 469 Dominum
484 442 644 473 nostrum,
657 437 714 475 qui
731 446 767 466 ex
783 437 980 466 intemerato
991 435 1085 464 beate
1099 433 1170 462 Ma-

206 493 254 522 rie
280 492 419 529 virginis
445 496 536 520 utero
562 490 671 525 nasci,
689 489 824 519 visitare
848 498 884 518 ac
902 496 1060 517 renovare
1081 486 1170 515 hunc

207 546 362 582 dignatus
393 548 442 573 est
467 543 642 577 mundum,
672 542 729 580 qui
758 546 865 572 tecum
890 541 972 570 vivit
1000 545 1029 570 et
1055 542 1171 576 regnat

208 599 297 627 Deus
316 597 349 625 in
373 596 499 625 unitate
519 595 663 633 Spiritus
687 595 799 625 Sancti
821 603 878 632 per
895 591 1095 622 immortalia
1119 600 1171 620 se-

206 649 280 679 cula
307 648 504 678 seculorum.
525 648 642 677 Amen.
669 648 731 681 Qua
750 648 887 676 oratione
908 646 1068 683 completa,
1089 653 1170 673 unus

206 703 240 731 de
258 702 468 731 cardinalibus
480 701 662 738 presbyteris
678 701 729 729 cui
744 701 832 737 prior
844 699 1009 736 preceperit
1021 698 1090 726 etde
1107 697 1170 725 dia—

205 755 330 784 conibus
344 755 490 782 similiter
506 762 588 782 unus
606 753 657 782 cui
677 753 915 781 archidiaconus
926 751 1069 788 jusserit,
1089 750 1170 786 11191-

206 816 280 835 nam
305 806 454 835 deducant
481 814 574 842 usque
600 805 639 834 nd
662 806 759 833 altare
785 805 884 833 sancti
910 804 1046 840 Grcyorii
1072 803 1170 838 ibique

206 864 334 896 expectet
351 859 441 887 donec
457 859 600 887 dominus
617 867 697 895 papa
715 866 783 886 cum
800 866 855 886 sua
873 857 1060 894 processione
1075 860 1168 884 emeat.

247 912 405 949 eompletis
416 911 662 948 iyiturovnnibus
673 910 869 947 supradietis,
884 919 910 937 m
919 911 947 937 in
955 910 1023 937 istri
1038 908 1170 936 induant

205 966 364 994 dominum
381 973 493 1002 papam
510 965 663 1001 planetam
686 968 711 992 el
723 964 856 1000 palleum
875 967 900 991 ct
919 963 1057 999 imposita
1076 962 1169 988 mitra

202 1017 359 1055 procedat,
383 1017 543 1045 ordinibus
566 1016 599 1044 de
624 1025 704 1044 inore
724 1015 968 1052 precedenlibus;
992 1019 1056 1051 pos!
1081 1022 1166 1049 quenz

205 1069 298 1098 vadat
326 1070 443 1098 Electus
467 1078 534 1098 curn
560 1068 747 1105 supradictis
771 1067 945 1095 ductoribus
975 1067 1052 1100 suis,
1081 1074 1166 1102 quem

206 1127 352 1159 sequatur
370 1130 449 1150 uxor
471 1121 533 1158 ejus
555 1130 648 1157 usquc
669 1120 708 1148 acl
729 1120 854 1148 archam
875 1120 952 1147 beati
972 1119 1063 1147 Petri.
1087 1118 1169 1146 Tunc

203 1175 404 1212 primicerius
420 1178 523 1202 cantat
542 1174 702 1201 introilum
720 1181 787 1201 cuin
807 1173 885 1201 scola
904 1176 929 1199 ct
945 1171 1123 1199 Kirirlcison
1143 1175 1168 1198 et

204 1228 282 1256 silet.
301 1227 447 1255 Dominus
468 1235 546 1263 papa
567 1225 702 1254 ascendit
717 1225 756 1253 1111
773 1226 910 1253 αἰτίῃ-111
928 1229 991 1261 pos!
1008 1224 1168 1259 confessio-

205 1288 273 1308 nem
297 1280 348 1308 dat
368 1288 471 1316 paceni
495 1278 673 1307 diaconibus
695 1282 720 1306 c!
745 1278 898 1311 incensam,-
921 1282 985 1314 posl
1010 1278 1165 1305 incensum

205 1332 341 1361 ascendit
363 1331 402 1359 (ul
425 1331 530 1359 sedem.
554 1331 668 1358 Electus
691 1339 758 1358 vcro
784 1331 863 1357 inlrr
886 1330 936 1357 lire
961 1333 985 1356 cl
1012 1337 1088 1357 umor
1106 1329 1168 1365 ejus

201 1389 444 1422 prosternuntur
457 1388 526 1411 unte
543 1383 668 1411 archani
687 1383 764 1410 binii
784 1383 873 1410 I'clri.
890 1387 913 1409 cl
930 1381 1168 1409 arcliirlincmzus

205 1438 281 1474 facit
298 1438 454 1466 litaniam.
472 1438 533 1470 (lua
549 1437 639 1473 finita
656 1437 791 1469 curuilur,
806 1436 866 1463 solo
879 1436 1014 1471 pluviali
1030 1435 1166 1463 ‹Imzissm

206 1491 368 1528 Episcopus
391 1490 555 1517 Hvslicnsis
580 1493 672 1524 {instat
698 1489 857 1516 brachium
883 1489 1021 1515 (111-1111111
1048 1488 1080 1515 [Ic
1108 1489 1168 1515 olco

206 1543 378 1571 exorcizato
393 1547 418 1569 e!
434 1543 513 1569 inter
527 1542 670 1577 scupilias
686 1546 711 1569 et
727 1541 801 1569 «licie
818 1550 827 1568 .·
844 1540 982 1569 Domine
1000 1541 1086 1569 Deus
1103 1549 1168 1569 om-

206 1595 374 1632 nipotens.
400 1594 492 1632 cujus
518 1598 565 1623 est
593 1594 700 1623 omnis
726 1598 869 1631 potestas
897 1598 927 1622 et
952 1593 1112 1630 dignitas,
1138 1597 1167 1622 te

206 1647 346 1685 supplici
371 1647 542 1675 devotione
569 1651 666 1684 atque
692 1646 880 1675 humillima
906 1656 1000 1684 prece
1024 1646 1168 1684 deposci-

206 1708 295 1734 mus.
324 1703 357 1728 ut
380 1699 457 1728 huic
484 1698 608 1728 famulo
633 1702 687 1727 tuo
714 1708 904 1736 prosperum
935 1699 1169 1736 111111013101103

205 1752 377 1789 dignitatis
395 1752 554 1780 1011001135
571 1752 739 1786 cll‘cctui‘n,
759 1756 791 1779 111
815 1752 848 1780 111
873 1756 927 1780 tua
951 1752 1168 1789 dispositione

205 1805 383 1834 constituto
397 1804 436 1832 ad
453 1804 628 1840 res-windam
646 1804 818 1833 ecclesiam
837 1804 1084 1833 11131111110111101
1101 1814 1168 1842 pre·

205 1857 300 1886 finita
316 1857 471 1890 oiiitiaut,
492 1857 670 1895 suturaque
692 1865 756 1885 non
782 1857 959 1893 obsistant,
985 1858 1041 1887 sed
1063 1858 1169 1896 inspi-

205 1914 298 1939 rante
315 1909 426 1939 Sancti
446 1909 589 1946 Spiritus
613 1909 661 1938 tui
687 1909 771 1938 dono
790 1909 947 1947 populum
971 1910 1033 1938 sibi
1054 1910 1169 1940 subdi-

204 1966 273 1992 tum
305 1971 388 2000 equo
415 1962 545 2000 justitie
575 1961 751 1991 libramine
781 1971 894 1999 regere
925 1962 1048 1997 1310111,
1077 1967 1106 1992 et
1133 1963 1168 1992 in

204 2015 358 2045 omnibus
375 2014 529 2052 operibus
552 2014 622 2043 suis
639 2018 668 2043 te
686 2023 814 2052 semper
828 2015 956 2049 timeat,
976 2015 1101 2054 tibique
1117 2016 1170 2055 ju-

203 2067 287 2105 giter
302 2067 429 2105 placere
448 2067 634 2096 contendat.
655 2068 718 2097 Per
738 2067 923 2096 dominum.
945 2073 1005 2097 etc.
1025 2070 1171 2106 Sequitur

205 2122 302 2149 oratio
326 2131 334 2148 .·
360 2121 447 2149 Deus
480 2120 541 2149 Dei
571 2119 660 2149 filius
686 2119 804 2149 lhesus
834 2120 987 2150 Christus
1016 2121 1170 2152 dominus

205 2177 332 2209 noster,
353 2173 410 2215 qui
427 2182 443 2201 a
466 2174 562 2202 Patre
583 2172 654 2201 oleo
671 2171 884 2202 exultationis
907 2178 1027 2203 unctus
1050 2179 1099 2203 est
1114 2183 1171 2212 pre

205 2226 423 2264 participibus
436 2226 517 2259 suis,
535 2226 605 2263 ipse
617 2234 674 2263 per
685 2230 873 2263 presentem
887 2226 973 2255 sacri
986 2227 1171 2264 ungiminis

206 2279 410 2308 infusionem
429 2278 572 2316 Spiritus
589 2278 746 2308 Paracliti
767 2287 865 2316 super
887 2283 981 2316 caput
1004 2283 1095 2309 tuum
1118 2280 1172 2310 in-

206 2331 321 2362 fundat
342 2331 624 2366 bencdictionem3
646 2331 850 2370 eandemque
864 2331 877 2350 h
897 2341 1001 2370 usque
1021 2333 1061 2362 ad
1086 2334 1172 2364 inte-

208 2384 294 2413 riora
304 2384 410 2413 cordis
422 2384 467 2413 tui
479 2388 650 2421 penetrare
662 2384 781 2418 faciat;
799 2385 957 2422 quatinus
972 2385 1031 2415 hoc
1046 2386 1173 2416 visibili

210 2441 240 2467 et
260 2437 425 2467 tractabili
449 2438 532 2467 duno
551 2437 736 2466 invisibilia
753 2437 922 2475 percipere
944 2442 972 2468 et
1001 2440 1172 2477 temporali

207 2499 309 2527 regno
320 2490 419 2528 justis
435 2489 718 2519 moderaminibus
733 2494 878 2525 executo,
893 2491 1085 2521 eternaliter
1098 2502 1173 2522 cum

209 2551 246 2572 eo
274 2551 412 2580 regnare
441 2543 616 2577 merearis,
646 2542 701 2581 qui
734 2542 824 2572 solus
854 2543 926 2572 siue
956 2549 1088 2581 peccato
1117 2554 1172 2575 rex

209 2604 324 2633 regum
342 2595 423 2624 vivit
448 2599 477 2624 et
501 2595 661 2632 gloriatur
681 2604 755 2624 cum
776 2596 844 2625 Deo
868 2596 964 2626 Patre
987 2596 1022 2625 in
1044 2597 1172 2627 unitate

207 2648 353 2687 ejusdem
371 2648 514 2686 Spiritus
528 2648 652 2678 Sancti.

246 2702 312 2729 Post
330 2702 408 2738 ressis
428 2702 602 2730 vunctionem
626 2703 766 2738 sequitur
784 2702 948 2731 benedictio
972 2703 1082 2739 Rcgyine
1102 2709 1174 2733 ante

208 2755 327 2782 altare:
344 2754 432 2783 Deus
449 2753 506 2792 qui
525 2754 614 2783 solus
633 2754 734 2784 habes
752 2754 1037 2785 immortalitatem
1052 2755 1173 2786 lucem-

198 2920 226 2952 a)
239 2922 305 2945 Cod.
320 2922 479 2952 imperante.

202 2966 227 2993 b)
244 2967 308 2988 cod.
325 2966 483 2996 eademque.

711 320 759 349 LE
784 319 928 349 LIBER
951 315 1187 348 CENSUUM
1209 315 1264 344 DE
1288 303 1473 344 L’IJJGLISE
1496 313 1707 344 ROMAINE.

1291 388 1354 417 que
1371 379 1501 408 habitas
1517 377 1800 412 inaccessibilem,
1820 377 1914 415 cujus
1930 375 2138 414 providentia
2154 375 2188 404 in
2205 375 2259 405 sui

1291 431 1508 469 dispositione
1524 439 1588 460 non
1608 429 1737 460 fallitur
1751 440 1757 465 3
1775 429 1833 468 qui
1849 428 1960 458 fecisti
1975 437 2039 466 que
2055 428 2166 457 sutura
2181 431 2260 457 sunt

1292 488 1322 513 et
1340 492 1437 513 vocas
1454 492 1491 513 ea
1508 492 1572 522 que
1591 491 1656 512 non
1674 486 1751 512 sunt
1767 486 1925 520 tanquam
1941 489 1979 510 ea
2001 489 2065 519 que
2088 484 2182 515 sunt;
2201 479 2259 518 qui

1291 536 1450 574 superbos
1472 545 1555 574 equo
1574 535 1800 565 moderamine
1818 534 1856 564 de
1875 533 2062 572 principatu
2081 533 2190 572 ejicis,
2209 536 2260 562 at-

1291 597 1354 627 que
1374 588 1516 618 humiles
1540 588 1716 625 dignanter
1738 587 1773 616 in
1793 586 1936 616 sublime
1952 586 2121 624 provehis,
2139 586 2259 616 ineffa-

1290 641 1391 670 bilem
1417 640 1680 670 misericordiam
1707 644 1795 669 tuam
1821 639 1987 677 supplices
2009 647 2197 674 exoramus,
2221 641 2260 668 ut

1291 693 1375 722 sicut
1393 694 1513 722 Hester
1525 693 1674 730 reginam
1691 691 1831 726 Israhel,
1849 700 1946 721 causa
1964 691 2082 721 salutis
2100 691 2138 721 de
2154 690 2258 729 capti-

1291 746 1402 775 vitatis
1421 754 1480 775 sue
1497 745 1651 782 compede
1669 744 1825 779 solutam,
1844 744 1883 774 ad
1901 744 1988 781 regis
2006 744 2131 774 assumi
2151 743 2258 773 thala-

1288 806 1378 826 mum
1402 797 1562 836 regnique
1585 797 1638 827 sui
1662 797 1865 827 consortium
1893 797 2036 826 transire
2061 796 2186 831 fecisti,
2210 796 2259 826 ita

1290 849 1376 879 113110
1394 849 1553 879 famulam
1573 854 1662 879 tuam
1687 850 1727 880 N.
1748 849 1948 879 humilitatis
1967 853 2078 879 nostre
2102 848 2259 879 benedic-

1290 904 1391 937 tione,
1409 903 1591 933 christiane
1608 903 1714 941 plebis
1729 903 1835 941 gratia
1852 902 1982 937 salutis,
1999 903 2039 932 ad
2055 902 2188 940 dignam
2206 910 2259 931 su-

1290 956 1492 994 blimemque
1508 955 1610 993 Regis
1627 956 1731 985 nostri
1748 955 1898 993 copulam
1913 955 2072 994 regnique
2089 955 2141 984 sui
2160 954 2260 992 parti-

1290 1008 1413 1046 cipium
1428 1008 1690 1038 misericorditer
1706 1008 1848 1038 transire
1865 1008 2036 1043 concedas,
2055 1012 2085 1038 et
2101 1012 2137 1037 ut
2154 1006 2260 1045 regali

1289 1060 1400 1090 federe
1426 1061 1573 1099 conjugii
1598 1070 1727 1099 semper
1759 1069 1898 1090 manens
1927 1060 2047 1099 pudica.
2076 1061 2260 1099 proximam

1289 1113 1463 1150 dignitatis
1483 1113 1625 1151 palmam
1650 1114 1820 1144 continere
1839 1118 1954 1152 queat,
1973 1113 2031 1143 uhi
2050 1114 2118 1143 Deo
2137 1113 2211 1143 vivo
2228 1117 2260 1143 et

1289 1175 1366 1195 vero
1380 1166 1414 1195 in
1431 1166 1586 1196 omnibus
1604 1171 1634 1196 et
1652 1176 1750 1205 super
1765 1167 1875 1196 omnia
1889 1167 2014 1206 jiigiter
2030 1166 2159 1204 placere
2175 1166 2260 1196 desi-

1290 1218 1398 1254 deret,
1426 1223 1457 1249 et
1486 1224 1516 1249 te
1544 1219 1730 1258 inspirante
1758 1229 1821 1258 que
1849 1220 1908 1249 tibi
1933 1219 2054 1258 placita
2085 1223 2163 1249 sunt
2192 1223 2259 1249 toto

1290 1271 1385 1301 corde
1399 1272 1560 1310 perficiat.
1576 1273 1639 1302 Per
1653 1272 1822 1302 dominum
1838 1276 1987 1302 nostrum
2000 1272 2134 1302 1110511111
2146 1271 2258 1302 Chris-

1289 1328 1370 1353 tum.
1398 1324 1490 1354 Sacri
1515 1325 1627 1354 unctio
1655 1324 1719 1354 olei
1744 1325 1779 1354 in
1806 1329 1936 1363 pectore
1961 1325 2088 1362 Regine
2113 1325 2258 1362 Spiritus

1290 1377 1402 1406 Sancti
1426 1377 1532 1414 gratia
1555 1377 1756 1407 humilitatis
1780 1382 1890 1407 nostre
1913 1378 2014 1407 offitio
2034 1378 2166 1416 copiosa
2186 1377 2260 1407 des-

1290 1429 1426 1465 cendat3
1446 1433 1481 1459 ut
1499 1430 1583 1459 sicut
1607 1430 1762 1459 manibus
1787 1431 1910 1460 nostris
1930 1431 2078 1467 indignis
2099 1430 2170 1460 oleo
2189 1439 2260 1460 ma-

1290 1482 1400 1512 teriali
1420 1482 1522 1512 oblita
1546 1483 1733 1520 pinguescit
1755 1483 1916 1518 exterius,
1934 1483 1981 1512 ita
2000 1484 2071 1522 ejus
2094 1482 2261 1512 invisibili

1290 1535 1465 1572 ungimine
1489 1535 1652 1570 delibuta,
1670 1535 1873 1573 impinguari
1898 1536 2056 1565 merearis
2068 1543 2079 1556 ³
2094 1535 2258 1570 interius;

1291 1589 1428 1627 ejusque
1446 1588 1612 1626 spirituali
1629 1589 1785 1618 unctione
1802 1589 2043 1627 perfectissime
2056 1597 2186 1627 semper
2201 1588 2260 1617 im-

1289 1641 1380 1676 buta,
1401 1646 1432 1671 et
1447 1641 1564 1671 illicita
1582 1641 1748 1671 declinare
1767 1646 1831 1671 tota
1848 1646 1958 1671 mente
1977 1647 2007 1671 et
2024 1650 2180 1679 spernere
2196 1641 2260 1671 dis-

1290 1704 1345 1724 cas
1365 1703 1423 1724 seu
1446 1694 1572 1727 valeas,
1592 1699 1620 1724 et
1645 1695 1741 1724 utilia
1761 1695 1871 1725 anime
1888 1699 1942 1725 tue
1962 1695 2086 1734 J'ugiter
2102 1695 2258 1732 cogitare,

1291 1752 1414 1786 optare,
1434 1752 1531 1786 atque
1549 1748 1677 1785 operari
1695 1757 1813 1786 queas,
1832 1748 2013 1777 auxiliante
2033 1748 2165 1777 domino
2184 1756 2260 1777 nos-

1291 1804 1341 1830 tro
1358 1800 1458 1830 Ihesu
1481 1801 1630 1835 Christo,
1652 1801 1708 1839 qui
1727 1810 1800 1830 cum
1825 1802 1922 1831 Patre
1944 1806 1973 1831 et
1997 1801 2111 1831 eodem
2134 1801 2261 1839 Spiritu

1292 1853 1412 1883 Sancto
1437 1853 1517 1882 vivit
1549 1858 1579 1883 et
1604 1858 1720 1891 regnat
1748 1855 1836 1884 Deus
1861 1853 1897 1883 in
1923 1853 2033 1883 secula
2059 1853 2259 1883 seculorum.

1290 1907 1408 1936 Amen.
1427 1907 1492 1935 Post
1509 1907 1561 1935 hcc
1579 1907 1722 1936 dominus
1736 1916 1818 1945 papa
1837 1907 1987 1936 descendit
2003 1916 2021 1935 (z
2037 1907 2111 1941 sede,
2132 1911 2156 1936 ct
2176 1906 2262 1936 vadit

1291 1959 1330 1987 ad
1345 1960 1443 1988 altare
1457 1961 1558 1988 saneti
1580 1961 1722 1988 Mauritii
1736 1960 1755 1995 ¹,
1777 1965 1915 1997 sequente
1931 1961 2027 1988 Electo
2043 1964 2068 1988 et
2086 1960 2218 1996 Rcyina‚·
2236 1964 2262 1988 et

1293 2012 1416 2041 domino
1429 2021 1511 2049 papa
1528 2017 1626 2041 stante
1641 2022 1731 2050 super
1745 2014 1837 2041 limen
1853 2014 1885 2041 in
1903 2013 2032 2041 introitu
2045 2013 2166 2047 altaris,
2181 2013 2262 2042 Elec-

1294 2070 1340 2094 tus
1355 2070 1410 2094 stet
1425 2071 1495 2094 ante
1511 2075 1579 2094 eunt
1602 2067 1631 2094 in
1655 2067 1752 2094 medio
1769 2071 1850 2101 νοτες
1873 2066 1912 2094 ad
1937 2067 2029 2105 cujus¹
2048 2066 2185 2095 cleoetram
2208 2070 2263 2095 stet

1293 2119 1418 2155 Regina,
1436 2127 1486 2147 sem
1504 2119 1649 2155 episcopis
1659 2120 1773 2156 palatii
1787 2119 2000 2148 Laterancnsis
2015 2120 2046 2147 in
2062 2119 2135 2147 rotis
2151 2127 2207 2156 que
2220 2118 2264 2147 ibi

1290 2172 1387 2208 posite
1402 2176 1473 2199 sunt
1492 2172 1776 2206 circumstantibus,
1794 2173 1919 2209 septimo
1940 2173 1972 2200 in
1986 2172 2076 2208 offitio
2089 2172 2200 2200 altaris
2214 2171 2262 2200 do·
2297 2211 2300 2214 Δ

1294 2225 1380 2252 mino
1402 2233 1479 2261 pape
1495 2226 1654 2253 serviente.
1674 2225 1757 2253 Tunc
1771 2225 1995 2253 oblationarius
2013 2226 2103 2262 prior
2118 2229 2143 2253 et
2159 2233 2264 2253 secun·

1294 2277 1350 2305 clus
1365 2282 1491 2305 sumant
1507 2285 1634 2306 coronas
1648 2278 1743 2306 Electi
1758 2282 1784 2306 ct
1805 2278 1914 2314 Reyine
1933 2277 1966 2306 de
1986 2278 2082 2306 altari
2098 2277 2264 2306 311111·ιίΡο-

1296 2331 1348 2363 tri,
1364 2335 1389 2358 et
1400 2335 1519 2367 ponant
1533 2339 1623 2367 super
1635 2331 1733 2359 altare
1743 2331 1843 2359 sancti
1856 2331 2009 2359 Mnuritii.
2026 2331 2108 2359 Tunc
2120 2330 2264 2358 dominus

1292 2392 1373 2420 papa
1387 2383 1432 2412 det
1445 2385 1576 2412 anulum
1591 2384 1689 2412 Electo
1702 2389 1726 2412 et
1740 2384 1821 2412 dicat
1832 2393 1841 2411 :
1856 2383 1976 2421 Accipe
1993 2382 2141 2417 anulum,
2155 2382 2264 2419 signa-

1295 2434 1407 2464 culum
1426 2435 1580 2465 videlicet
1597 2440 1709 2466 sancte
1728 2436 1816 2471 fidei,
1834 2435 2035 2465 soliditatem
2053 2434 2161 2472 regni,
2182 2443 2264 2472 aug-

1293 2492 1443 2517 mentum
1456 2489 1612 2526 potentie,
1627 2497 1795 2527 perquem
1809 2488 1894 2518 scias
1907 2487 2102 2526 triumphali
2115 2486 2266 2525 potentia

1295 2541 1408 2571 hostes
1425 2541 1595 2580 repellere,
1608 2541 1743 2572 hereses
1757 2541 1939 2575 destruere,
1957 2540 2106 2570 subditos
2123 2539 2264 2570 coadhu-

1284 2706 1310 2735 a)
1326 2708 1376 2729 Hic
1393 2707 1484 2734 inepte
1499 2713 1620 2735 persona
1641 2708 1777 2729 initiatur.

1292 2868 1315 2894 1.
1333 2869 1423 2894 attare
1437 2858 1612 2901 ssMauriciil
1634 2867 1712 2894 Dans
1736 2868 1761 2893 le
1787 2870 1930 2901 transept,
1952 2866 2055 2897 adosse
2076 2875 2110 2892 au
2134 2875 2197 2892 mur
2212 2865 2261 2900 qui

1255 2917 1381 2951 separait
1397 2917 1438 2943 les
1451 2917 1570 2942 arcades
1583 2925 1632 2950 par
1643 2916 1796 2950 lesquelles
1811 2923 1846 2941 on
1864 2914 1981 2941 ari-ivan
1991 2915 2043 2940 des
2056 2915 2118 2941 nefs
2130 2915 2264 2940 laterales

1257 2966 1293 2992 de
1307 2967 1429 3000 gauche.
