2476 3581
100 872 126 891 ¹0

96 1134 123 1154 ¹5

92 1398 119 1417 20

89 1660 117 1680 25

88 1925 116 1945 3⁰

710 325 758 353 LE
783 324 929 354 LIBER
951 322 1183 354 CENSUUM
1208 323 1262 352 DE
1286 315 1471 355 L‘EGLISE
1494 326 1703 357 ROMAINE.

201 392 299 419 torem
317 392 346 418 et
363 389 448 427 apud
464 388 583 419 milites
599 393 628 419 et
646 394 806 426 senatum,
821 390 852 419 iu
871 399 979 427 sensu,
993 389 1163 429 prudentia

198 446 229 472 et
244 441 400 479 largitate.
421 440 481 471 Cui
499 442 671 480 imperator
687 450 759 471 cum
776 446 886 471 senatu
904 442 1092 479 delegerunt
1107 441 1162 471 de-

196 493 391 531 legationem
410 502 484 523 cum
502 499 638 532 quatuor
653 493 834 531 legionibus
856 499 966 524 contra
983 493 1161 523 occidenta-

198 546 261 576 lem
279 545 428 584 populum
447 546 502 584 qui
521 546 649 576 rebellis
666 551 742 576 erat.
762 547 823 582 Qui
842 547 898 576 ivit
918 551 948 576 et
967 546 1091 576 obsedit
1110 554 1162 576 eos

197 602 227 628 et
245 607 299 637 per
316 598 416 627 multa
434 598 519 628 bella
537 599 622 629 vicit.
642 599 680 628 In
704 599 882 628 reversione
903 599 1020 628 milites
1040 598 1162 637 jugiter

196 650 371 680 laudabant
386 660 458 680 eum
477 656 507 680 et
521 651 671 681 dicebant
688 660 694 680 :
712 663 724 677 α
743 651 779 687 O,
797 652 821 679 si
842 655 946 680 noster
961 660 1045 681 esses
1061 651 1162 689 impe-

199 715 212 730 »
239 706 332 738 rator,
351 703 462 733 omnia
481 704 562 733 hona
584 703 788 733 haberemus.
815 716 827 729 »
846 704 909 739 Qui
934 703 1105 733 delectatus
1126 704 1159 732 in

196 756 301 785 verbis
319 755 463 785 militum
479 756 674 794 conspiravit
690 764 763 786 cum
781 756 827 785 eis
842 757 997 794 quatinus
1013 756 1080 794 ipse
1101 756 1159 785 ha-

194 809 283 838 beret
308 808 482 847 imperium
509 813 539 838 et
563 809 630 847 ipse
652 809 740 838 daret
761 809 806 837 eis
828 809 979 845 ducatus,
998 808 1158 847 marc[a]s,

194 861 380 896 comitatus,
402 861 541 890 honores
565 860 599 889 in
625 861 716 890 curia
740 864 770 890 et
793 861 980 890 thesaurum
1002 861 1157 899 Philippi.

192 913 338 943 Veniens
363 916 470 943 autem
493 913 610 942 Decius
633 913 667 942 in
693 917 796 951 partes
819 914 965 951 Ligurie,
986 913 1159 953 Philippus

192 966 366 1004 imperator
388 965 489 994 iverat
509 965 594 1002 apud
613 965 813 1004 Ve[r]ouam.
840 966 987 995 Audiens
1013 966 1084 1004 ejus
1109 975 1158 996 re-

191 1018 372 1047 versionem
391 1017 566 1047 houorifice
582 1018 720 1055 suscepit
735 1027 821 1047 eum.
839 1018 1011 1048 Transacto
1026 1018 1082 1048 illo
1094 1019 1156 1055 die,

192 1070 324 1100 Deciani
349 1070 469 1099 milites
492 1070 574 1099 clam
596 1078 708 1100 ornnes
731 1071 845 1099 armati
870 1074 956 1107 sunt,
976 1071 1059 1100 sicut
1082 1080 1157 1100 cum

193 1123 298 1152 futuro
322 1123 511 1161 imperatore
534 1123 732 1161 pepigerant.
754 1123 871 1152 Decius
888 1127 994 1152 autem
1014 1132 1087 1152 cum
1106 1131 1157 1153 oc-

189 1175 274 1205 culto
297 1184 373 1204 ense
398 1174 504 1204 medio
528 1174 581 1204 die
606 1175 663 1204 ivit
689 1175 728 1204 ad
756 1175 879 1204 curiam
903 1175 1105 1212 imperatoris
1128 1180 1159 1205 et

190 1228 323 1257 intravit
346 1227 379 1256 iu
402 1227 616 1265 papirionem,
643 1227 802 1265 proiciens
821 1227 1036 1256 camerarium
1060 1227 1155 1263 foras,

189 1280 380 1318 Philippum
405 1281 635 1318 imperatorum
659 1280 827 1309 dominum
854 1289 948 1309 suum
968 1280 1157 1319 (interfecit)

188 1336 358 1373 evaginato
373 1335 481 1373 gladio
497 1335 652 1373 percussit
668 1335 752 1364 iuter
767 1334 890 1364 labium
909 1339 939 1364 et
954 1344 1069 1364 nasum
1086 1344 1091 1364 z
1110 1336 1156 1365 sic

188 1388 517 1424 interfechequui
531 1388 638 1417 statim
648 1388 746 1417 exivit
759 1388 841 1417 foras
851 1391 880 1417 et
894 1388 1153 1426 sonuitsignum.

186 1441 310 1472 Omnes
335 1441 386 1470 sui
412 1440 531 1470 milites
551 1444 761 1470 occurrerunt
781 1440 810 1469 ei
834 1440 917 1470 circa
937 1440 1152 1478 papii-ionem,

186 1495 272 1524 sicut
290 1498 528 1533 proposuerant.
551 1493 669 1523 Milites
687 1493 848 1532 Philippi,
865 1494 1033 1524 audientes
1051 1494 1154 1524 domi-

187 1556 268 1576 num
296 1556 390 1577 suum
413 1546 556 1576 occisum
582 1555 600 1576 a
618 1547 733 1586 Decio,
753 1547 915 1584 fugerunt.
942 1547 1005 1582 Qui
1028 1547 1063 1576 in
1086 1548 1155 1586 ipso

187 1596 301 1630 timore
318 1599 420 1630 vocati
436 1609 454 1629 a
471 1599 567 1629 Decio
584 1608 624 1630 ne
641 1599 801 1636 timerent,
817 1600 871 1629 sed
888 1601 958 1638 eJ'us
973 1600 1071 1629 amici
1087 1600 1153 1630 effi-

186 1655 347 1689 cerentur,
366 1652 495 1681 tandem
520 1652 639 1682 reversi
664 1656 740 1682 sunt
759 1652 798 1682 ad
817 1661 891 1681 eum
910 1653 1015 1690 magis
1040 1652 1154 1683 timore

185 1713 284 1743 quam
303 1713 423 1734 amore.

227 1769 240 1784 »
264 1757 412 1796 Cumque
428 1758 569 1788 audisset
586 1758 755 1797 Philippus
772 1758 884 1796 junior
899 1759 955 1797 qui
971 1759 1071 1788 Rome
1087 1762 1154 1789 erat

183 1814 306 1848 patrem
323 1819 417 1840 suum
432 1810 621 1849 Philippum
640 1811 844 1841 interfectum
867 1820 884 1840 a
904 1811 1000 1841 Decio
1016 1820 1152 1851 pagano,

185 1863 295 1893 timuit
316 1868 347 1893 et
367 1864 449 1901 fugit
470 1864 508 1892 ad
530 1864 657 1893 beatum
679 1864 798 1894 Sistum
821 1865 1004 1894 Romanum
1027 1874 1150 1903 papam,

183 1916 293 1946 diceus
321 1925 327 1945 :
357 1928 369 1942 α
400 1917 537 1946 Domine
562 1920 665 1955 pater,
692 1920 779 1955 pater
803 1925 894 1946 meus
922 1921 1069 1947 mortuus
1094 1923 1150 1954 est,

185 1981 198 1996 »
225 1978 321 2007 quem
341 1969 460 2008 impius
479 1970 594 1999 Decius
610 1969 781 2000 interiecit.
808 1970 895 2007 Rogo
919 1974 946 1999 te
968 1973 1001 1999 ut
1023 1970 1151 1999 thesau-

183 2033 198 2049 »
226 2031 297 2051 rum
312 2021 411 2060 patris
425 2022 488 2051 mei
501 2022 586 2060 apud
601 2025 629 2051 te
645 2022 762 2052 habeas
778 2022 950 2052 occultum.
969 2022 1003 2052 Si
1020 2023 1153 2052 evadere

224 2083 352 2112 possum
369 2074 455 2114 quod
474 2083 537 2104 non
555 2075 677 2105 occidat
698 2083 763 2110 me,
782 2075 878 2104 redde
899 2075 997 2104 miehi
1025 2075 1151 2104 thesau-

183 2139 196 2154 1)
223 2136 314 2163 ι·11111;
337 2127 387 2157 5111
405 2131 523 2164 autem,
541 2127 659 2157 habeas
676 2136 732 2166 pro
750 2127 894 2157 ecclesia.
918 2140 931 2154 »
958 2128 1074 2158 Decius
1098 2138 1152 2158 ve-

183 2086 191 2101 )

190 2086 197 2100 υ

174 2303 179 2321 1
208 2297 348 2327 <apud>
373 2299 498 2320 senatum
523 2296 547 2320 V
572 2309 600 2313 —
626 2300 738 2320 senatus
763 2297 786 2320 R
805 2310 835 2314 —
855 2297 949 2325 <in>
973 2297 1052 2327 prud.
1074 2297 1098 2320 V
1122 2311 1150 2315 —

138 2345 155 2365 2
170 2341 264 2370 <in>
278 2341 344 2371 larg.
362 2341 385 2363 V
400 2353 428 2358 —
446 2341 583 2364 dederunt
599 2341 648 2364 RV
663 2354 693 2358 —
708 2345 723 2364 3
738 2341 903 2371 legationem
919 2341 1018 2365 ABRV
1031 2354 1059 2358 ——
1075 2341 1150 2371 lega-

139 2384 263 2408 tionibus
280 2385 342 2407 A—
359 2385 454 2415 simp.
473 2391 525 2408 ess.
541 2384 561 2407 Β
573 2397 604 2401 -
619 2388 632 2408 7
649 2385 710 2408 hab.
728 2386 800 2408 bona
816 2385 862 2408 BV
878 2398 906 2401 —-
922 2388 936 2408 9
955 2385 1013 2415 ipse
1029 2391 1083 2408 om.
1102 2385 1150 2408 RV

139 2442 168 2446 —-
185 2429 321 2452 marchum
339 2429 374 2457 Β,
397 2436 505 2452 marcus
520 2428 540 2453 C
562 2443 590 2446 —
613 2434 637 2454 12
658 2429 755 2459 iverat]
774 2429 820 2459 qui
837 2432 894 2453 erat
910 2432 975 2452 tunc
991 2429 1014 2452 V
1029 2442 1059 2446 -—
1075 2429 1150 2452 Ven-

138 2476 232 2497 tonam
254 2473 273 2497 C
295 2487 325 2490 —
350 2477 375 2498 13
391 2480 452 2496 eum
469 2480 543 2497 susc.
568 2473 591 2497 R
606 2487 636 2490 —
658 2477 684 2498 14
698 2476 762 2497 511111
780 2480 835 2498 om.
857 2474 880 2497 R
898 2487 928 2490 —
950 2481 1011 2497 eum
1032 2476 1150 2502 <su0>

138 2517 162 2541 R
184 2530 212 2534 —
233 2521 256 2541 17
275 2517 442 2547 papiuonem
458 2517 494 2546 Β,
512 2518 680 2548 papilionem
697 2518 745 2541 AR
761 2531 790 2534 —
813 2522 838 2542 18
858 2518 996 2541 interfecit
1015 2518 1035 2541 C
1058 2520 1149 2545 solus,

138 2563 212 2585 male
227 2574 256 2579 —
276 2564 301 2585 19
315 2568 372 2584 nas.
391 2563 418 2584 et
437 2562 490 2584 lab.
508 2561 531 2585 R
549 2575 579 2579 -
596 2564 688 2589 <et>
708 2562 748 2585 sic
764 2561 863 2585 ABRV
885 2575 914 2578 —
935 2565 966 2585 20
983 2564 1009 2585 et
1028 2569 1083 2586 om.
1101 2562 1149 2585 RV

135 2618 168 2623 —
181 2609 204 2629 21
221 2605 276 2629 mil.
291 2605 334 2628 sui
346 2605 369 2628 V
382 2618 410 2622 —
425 2605 592 2635 papilionem
611 2605 685 2629 ARV
697 2619 725 2622 —
739 2609 769 2630 29
781 2605 938 2636 pontificem
953 2605 973 2628 B
988 2618 1016 2621 —
1032 2609 1063 2629 32
1076 2606 1148 2635 apud

137 2651 164 2672 te
178 2655 233 2672 om.
250 2648 270 2672 B
289 2661 318 2665 —-
334 2648 434 2677 reddes
450 2649 550 2673 ABRV

2192 331 2248 361 273

1286 391 1379 420 niens
1411 391 1542 421 intravit
1571 393 1705 422 Romam
1733 397 1764 422 et
1792 394 1913 433 accepit
1941 394 2114 433 imperium
2146 399 2249 436 magis

1285 443 1401 473 virtute
1419 453 1515 482 quam
1536 454 1653 475 amore.
1677 445 1768 484 Cepit
1786 447 1969 485 perquirere
1987 447 2174 486 Philippum
2193 450 2247 488 Ju-

1285 495 1407 525 niorem
1426 508 1431 525 :
1449 497 1503 526 ille
1519 497 1692 527 absconsus
1707 502 1784 528 erat.
1806 498 1948 528 Tandem
1967 501 2092 537 magnis
2109 502 2246 538 promis-

1284 547 1431 577 sionibus
1445 552 1474 578 et
1487 549 1583 578 minis
1599 550 1721 579 invenit
1734 560 1818 586 eum,
1832 560 1928 589 quem
1947 552 2076 588 occidit,
2094 554 2246 592 011110111-

1285 600 1359 629 sivit
1386 601 1438 629 ubi
1463 605 1543 631 esset
1567 602 1735 631 thesaurus
1760 603 1910 641 Philippi.
1937 605 2073 639 Quidam
2099 605 2247 636 dicebant

1286 651 1402 681 habere
1427 662 1501 682 euin
1526 654 1654 683 Xistum
1684 663 1796 692 papam
1820 656 2086 693 christianorum3
2113 659 2245 696 quidam

1285 712 1353 733 esse
1374 704 1548 743 Pliilippoli
1567 706 1690 735 Grecie.

1326 767 1338 781 r>
1360 756 1473 786 Statim
1491 758 1578 787 veuit
1595 759 1621 787 ei
1639 759 1752 796 legatio
1769 759 1806 789 de
1825 760 1966 797 Persida,
1984 761 2093 790 dicens
2110 770 2161 791 eos
2177 771 2246 792 esse

1284 809 1432 845 rebelles,
1450 814 1479 839 et
1496 810 1750 840 tintinnabulum
1772 815 1871 841 statue
1890 814 2064 851 personuit.
2091 814 2161 843 Non
2186 814 2244 843 ha-

1283 860 1361 891 bens
1379 870 1473 899 quem
1493 863 1641 899 mitteret,
1660 864 1725 901 ipse
1746 873 1818 893 cum
1838 866 1978 894 exercitu
1995 874 2051 895 5110
2071 866 2138 899 ivit,
2157 866 2243 895 ordi-

1284 918 1357 943 nato
1375 914 1474 944 Rome
1496 924 1552 944 suo
1573 916 1692 945 vicario
1714 916 1829 953 Galba,
1847 921 1875 946 et
1898 917 1987 946 duxit
2009 928 2115 947 seeum
2142 918 2244 948 tilium

1283 975 1376 996 suum
1400 968 1545 997 Decium.
1570 968 1769 1006 Expuguavit
1792 974 1822 998 et
1844 970 1920 998 vicit
1944 979 2055 999 01111105
2079 971 2191 1000 Persas
2215 976 2246 1001 et

1282 1020 1365 1057 cepit
1382 1020 1497 1050 Abdon
1515 1025 1544 1050 et
1561 1021 1708 1058 Sennen,
1732 1022 1815 1051 sicut
1836 1022 1927 1051 lectio
1948 1023 2146 1059 manifestat,
2166 1033 2245 1061 quos

1281 1072 1428 1109 cognovit
1443 1072 1640 1103 clarissimos
1657 1082 1790 1111 genere3
1811 1074 1918 1103 eduxit
1933 1075 2040 1104 aureis
2055 1077 2175 1105 catenis
2191 1085 2244 1106 ca-

1283 1128 1415 1155 tenatos.
1433 1125 1578 1164 Cumque
1594 1130 1813 1163 reverteretur,
1833 1128 1935 1165 posuit
1950 1127 2147 1157 obsidionem
2166 1128 2244 1158 Phi-

1279 1177 1403 1215 lippoli.

1322 1241 1335 1256 r,
1362 1230 1494 1259 Interim
1522 1231 1657 1260 nuntius
1685 1231 1772 1260 venit
1797 1241 1813 1260 a
1840 1232 1938 1261 Roma
1964 1236 1993 1261 et
2017 1232 2149 1262 Galbam
2176 1242 2244 1263 esse

1279 1286 1442 1311 mortuum
1460 1283 1632 1311 nuntiavit.
1655 1283 1797 1321 Reliquit
1813 1284 1856 1313 ibi
1875 1284 1978 1313 filium
1996 1293 2090 1313 suum
2109 1285 2242 1314 Decium

1279 1343 1351 1364 cum
1369 1338 1455 1372 parte
1471 1335 1641 1371 exercitus,
1658 1335 1753 1364 aliam
1771 1345 1879 1365 secum
1896 1336 1987 1365 duxit
2006 1337 2151 1372 Romam,
2168 1346 2241 1367 cum

1278 1387 1393 1417 Abdon
1412 1392 1442 1417 et
1460 1387 1602 1417 Sennen.
1627 1388 1772 1427 Cumque
1791 1389 1928 1419 venisset
1951 1389 2084 1418 Romam
2106 1391 2243 1420 iuterro-

1278 1440 1366 1477 gavit
1383 1440 1422 1470 de
1442 1440 1597 1470 thesauris
1617 1441 1775 1478 Philippi,
1796 1450 1876 1479 quos
1899 1450 1963 1471 non
1987 1446 2106 1479 poterat
2127 1443 2242 1473 certius

1277 1493 1435 1522 invenire.
1470 1493 1592 1523 Occidit
1619 1494 1695 1524 istos
1722 1499 1846 1524 sanctos
1874 1495 2020 1524 martires
2049 1495 2243 1525 clarissimos

1277 1546 1393 1575 Abdon
1412 1550 1442 1575 et
1457 1546 1587 1576 Senneu
1607 1547 1640 1576 iu
1663 1547 1911 1585 amphitheatro.
1932 1547 2115 1577 Iudicatum
2132 1548 2160 1577 ei
2177 1548 2243 1577 sue-

1279 1602 1326 1627 rat
1338 1598 1423 1637 quod
1434 1599 1545 1628 Xistus
1557 1608 1635 1638 papa
1649 1599 1897 1629 christianorum
1913 1600 2042 1629 liaberet
2057 1600 2242 1630 thesaurum

1279 1651 1433 1690 Philippi.
1451 1652 1540 1690 Cepit
1556 1661 1630 1682 eum
1651 1656 1681 1682 et
1696 1652 1806 1682 multis
1825 1653 1990 1682 tormentis
2007 1653 2195 1690 maceravit3
2213 1657 2244 1683 et

1267 1692 1351 1743 ‘quia
1376 1713 1430 1742 per
1455 1713 1529 1734 eum
1555 1705 1593 1734 de
1619 1705 1775 1734 thesauris
1802 1705 1916 1734 certior
1941 1714 2009 1734 esse
2038 1714 2101 1734 nou
2129 1706 2239 1743 potuit,

1273 1757 1370 1795 jussit
1386 1766 1459 1786 eum
1475 1757 1669 1787 Valerianus
1686 1757 1799 1795 capitis
1816 1757 1924 1786 subire
1943 1758 2146 1788 sententiam.

1319 1822 1331 1835 n
1353 1809 1498 1848 Cumque
1521 1810 1690 1839 duceretur
1712 1809 1750 1839 ad
1773 1809 2012 1847 decollandum,
2030 1810 2139 1839 beatus
2158 1810 2240 1839 Lau-

1277 1863 1401 1892 rentius
1423 1863 1610 1892 exclamavit
1632 1866 1660 1892 et
1681 1863 1760 1892 dixit
1778 1872 1783 1892 :
1804 1875 1816 1888 α
1837 1862 1908 1892 Noli
1933 1872 1983 1892 me
2004 1863 2238 1901 derelinquere,

1279 1928 1291 1941 »
1316 1920 1404 1953 pater
1422 1919 1547 1952 sancte,
1564 1915 1720 1953 quiajam
1742 1915 1907 1944 thesauros
1929 1915 2065 1954 expendi
2084 1924 2162 1953 quos
2182 1920 2240 1944 tra-

1278 1980 1290 1993 »
1316 1968 1425 1997 didisti
1442 1967 1554 1997 michi.
1575 1980 1587 1993 »
1606 1968 1696 1997 Tunc
1716 1967 1848 2001 milites,
1866 1967 2031 1997 audientes
2053 1968 2090 1997 de
2115 1968 2240 1997 thesau-

1277 2020 1337 2055 ris,
1357 2025 1430 2049 aute
1451 2019 1696 2057 Septemsolium
1716 2020 1747 2048 in
1767 2020 1817 2048 via
1840 2019 1928 2048 Nova
1947 2023 2091 2049 tenentes
2114 2020 2240 2048 beatum

1276 2073 1504 2107 Laurentium,
1523 2073 1685 2102 duxeruut
1704 2077 1734 2102 et
1751 2072 1949 2101 tradiderunt
1964 2081 2037 2101 eum
2056 2072 2241 2102 Partliemio

1277 2126 1418 2162 tribuno,
1439 2138 1451 2151 n
1469 2130 1499 2155 et
1515 2132 1617 2155 cetera
1633 2134 1694 2164 que
1711 2129 1876 2155 secuntur.

1264 2345 1280 2364 4
1300 2341 1391 2371 minis]
1414 2341 1574 2364 muneribus
1595 2341 1617 2364 R
1642 2353 1669 2357 -—
1694 2344 1708 2364 6
1729 2347 1790 2364 011111
1811 2340 1872 2364 hab.
1889 2340 1911 2363 V
1932 2353 1961 2357 —
1981 2344 1995 2364 7
2018 2340 2181 2370 Philopolim
2204 2339 2238 2367 B.

1235 2386 1451 2416 Philippipopuli
1467 2385 1488 2408 V
1504 2398 1532 2402 -
1548 2389 1563 2409 8
1577 2385 1612 2415 ei]
1628 2388 1653 2408 et
1668 2385 1690 2408 R
1706 2398 1734 2402 -
1757 2389 1771 2408 9
1788 2385 1911 2408 non-ivit
1925 2392 1980 2408 om.
1996 2385 2019 2408 R
2032 2390 2092 2408 —ii
2109 2388 2135 2407 et
2146 2391 2201 2407 om.
2217 2384 2240 2407 R

1234 2443 1261 2447 ——
1279 2434 1303 2455 12
1314 2431 1420 2460 accepit
1433 2429 1455 2452 V
1466 2429 1698 2460 —1eibi]sibiv
1714 2443 1742 2446 -—
1757 2429 1870 2453 Decium
1886 2436 1942 2452 om.
1958 2429 2004 2452 AB
2019 2441 2047 2445 —
2064 2432 2094 2451 20
2111 2428 2202 2451 Senne
2216 2428 2239 2450 A

1233 2488 1261 2491 —
1275 2479 1298 2499 21
1313 2475 1402 2505 potuit
1415 2474 1434 2497 Β
1447 2487 1475 2491 -
1489 2479 1519 2498 22
1530 2474 1631 2497 occidit
1645 2463 1722 2497 mart.
1735 2474 1778 2497 ist.
1792 2474 1842 2496 Ab.
1858 2477 1883 2496 et
1898 2473 1961 2496 Sen.
1976 2476 2086 2496 sanctos
2100 2475 2125 2494 et
2140 2472 2204 2496 clar.
2217 2471 2237 2494 Β

1233 2532 1261 2536 -
1275 2522 1306 2541 23
1319 2518 1388 2541 Abd.
1405 2522 1431 2541 et
1448 2518 1512 2541 Seu.
1530 2525 1585 2541 0111,
1603 2518 1625 2541 Α
1641 2530 1670 2534 -·
1690 2518 1742 2540 fuit
1758 2517 1806 2540 RV
1822 2530 1851 2534 —
1870 2520 1901 2539 24
1917 2516 1973 2539 chr.
1990 2523 2059 2545 papa
2075 2516 2094 2538 B
2112 2528 2140 2532 —-
2157 2514 2236 2545 papa]

1233 2563 1380 2593 episcopus
1397 2563 1560 2593 populorum
1576 2562 1600 2585 R
1619 2575 1648 2579 —
1668 2566 1698 2586 25
1719 2567 1817 2584 macer.
1835 2563 1962 2588 <oum>
1980 2560 2002 2582 R
2021 2573 2049 2576 —
2069 2563 2097 2584 27
2115 2559 2238 2581 Valeria-

1233 2614 1296 2630 num
1309 2607 1329 2630 B
1340 2620 1369 2623 —
1381 2606 1437 2630 Val.
1453 2613 1514 2629 eum
1527 2606 1549 2628 V
1563 2618 1589 2623 -—
1605 2609 1636 2629 30
1651 2606 1703 2628 iam
1720 2612 1774 2628 oni.
1789 2605 1811 2627 R
1827 2617 1856 2620 -
1872 2605 1940 2626 thes.
1957 2605 2052 2630 <tuos
2067 2603 2153 2632 jam>
2171 2602 2193 2625 R
2210 2614 2238 2618 —-

1231 2654 1263 2674 33
1280 2654 1305 2674 et
1322 2650 1390 2673 trad.
1408 2657 1462 2673 om.
1479 2649 1502 2673 R
1516 2663 1545 2666 —
1560 2649 1689 2673 Paternio
1706 2649 1742 2678 A,
1760 2647 1907 2671 Parthenio
1925 2646 1947 2670 R

973 2771 1096 2798 NOTEs
1118 2772 1170 2798 Ex
1178 2772 1325 2798 PLICATI
1331 2772 1403 2798 VES

174 2865 198 2891 1.
214 2863 250 2890 La
262 2865 439 2900 description
453 2865 488 2890 de
500 2865 650 2893 l'enceinte
664 2867 855 2898 d’Honorius,
871 2869 885 2893 a
901 2867 925 2893 ln
940 2867 1016 2893 suite
1030 2866 1064 2892 de
1076 2866 1146 2892 l'lti-

137 2914 247 2939 nei-aire
260 2913 455 2940 d'Einsiedeln
469 2914 608 2947 (Urlichs,
623 2916 707 2942 Codes:
723 2916 800 2941 urbis
818 2917 913 2942 Romae
926 2918 1038 2948 topoyr„
1052 2923 1078 2949 p.
1097 2915 1144 2946 '133

134 2961 255 2993 Jordan,
276 2963 461 2996 Topoyraphie
478 2964 526 2988 dcr
540 2963 619 2990 stadt
638 2965 699 2990 Hom
717 2965 746 2989 in
763 2965 934 2996 Altertstum,
951 2967 970 2990 t.
985 2963 1023 2996 11,
1038 2972 1065 2998 p.
1081 2963 1145 2997 578;

281 3030 366 3058 Lmen
385 3031 526 3058 Csnsuun.
550 3045 584 3051 —
603 3031 626 3058 Ι.

1230 2865 1337 2896 Homo,
1359 2866 1470 2897 temque
1484 2865 1515 2890 de
1531 2867 1633 2897 topoqr.
1652 2871 1735 2895 rom„
1752 2872 1779 2897 p.
1797 2862 1869 2894 351),
1888 2869 1919 2887 se
1935 2861 2055 2887 termine
2078 2869 2126 2894 par
2147 2860 2171 2885 le
2193 2862 2238 2886 re—

1230 2914 1312 2938 sume
1335 2912 1451 2938 suivant
1475 2921 1480 2937 :
1505 2912 1576 2938 Sunt
1597 2911 1683 2936 simul
1707 2913 1797 2935 turres
1820 2908 2013 2938 CCCLJJJIJJ,
2029 2908 2238 2941 prepuffliacula

1229 2950 1330 2987 VHJA'.
1347 2960 1449 2986 Benoit
1465 2960 1501 2986 du
1521 2959 1599 2986 Mont
1614 2959 1731 2985 Soracte
1751 2959 1795 2987 (M.
1811 2958 1839 2984 G.
1854 2957 1924 2990 Scin,
1939 2961 1959 2982 t.
1974 2956 2026 2988 ΙΙΙ,
2043 2965 2070 2990 p.
2084 2956 2143 2987 719)
2164 2963 2237 2982 nous

2063 3023 2096 3051 35

2300 877 2323 895 ¹0

2294 1924 2319 1942 30
