2392 3571
135 351 194 380 258

174 416 257 444 bonis
277 412 545 443 consuetudiuilats
568 419 642 447 quas
664 409 735 437 olim
760 417 862 436 eorum
885 407 1010 443 antiqui
1032 411 1058 434 et
1083 406 1141 443 ipsi

175 467 281 496 deinde
294 473 433 503 processu
451 468 617 500 temporum
638 462 820 489 habuerunt.

214 520 287 547 Item
316 517 509 545 instituimus
532 514 683 543 ecelesiam
710 513 917 550 supradictam
945 511 1078 540 heredem
1108 511 1142 538 de

175 571 301 600 baronia
319 569 411 598 castri
432 569 523 596 Vallis
539 568 629 595 surse
649 566 727 603 quod
749 566 835 594 hodie
855 574 871 593 a
894 565 976 593 nobis
998 568 1074 592 tenet
1094 564 1142 592 di-

176 625 267 653 lectus
282 624 378 657 frater
397 625 494 649 noster
509 620 671 657 Roqqerius
686 624 711 647 et
727 619 761 646 de
777 626 964 655 quocumque
979 617 1040 645 alio
1058 617 1144 644 bene-

175 677 244 713 ficio
272 676 301 703 iu
326 678 413 702 antea
436 673 583 708 stu-iemus
607 671 712 700 eidem.
743 672 813 699 tum
839 671 873 698 de
899 670 1025 698 baronia
1051 669 1145 697 castri

178 729 244 757 Pice
267 727 344 764 quad
369 726 455 753 hodie
479 734 495 752 a
521 725 604 752 nohis
629 728 705 751 tenet
729 723 892 752 Ricrardus
917 723 950 750 de
975 722 1144 759 Ceperano;

181 782 247 809 itcin
271 780 304 807 dc
323 779 449 807 bartinia
465 778 560 807 castri
574 777 722 805 Ambrisie
739 776 817 813 quod
832 776 919 804 hodie
935 784 951 804 a
970 775 1052 803 nobis
1069 779 1145 802 tenet

177 833 326 861 Mattheus
350 831 384 859 de
409 832 555 867 Arqentm
583 830 650 857 item
675 829 708 857 de
730 829 856 856 baronia
879 828 972 856 castri
993 827 1146 864 Aquerive

179 884 257 921 quod
273 883 360 911 hodie
375 892 392 911 a
411 883 493 911 nobis
514 887 590 910 tenet
610 882 771 918 Philippus
791 881 825 908 de
845 880 998 915 Sannina,-
1021 880 1089 908 item
1112 879 1146 907 de

179 937 306 965 baronia
323 936 418 963 rastri
434 935 540 971 Campi
555 934 664 968 Mettis,
683 938 847 961 statuentes
863 938 896 961 ‘ut
912 932 1019 960 amodo
1039 941 1074 960 eI
1093 940 1146 960 su-

178 989 328 1027 pradictis
343 988 482 1016 omnibus
495 987 640 1024 sepedicta
654 991 758 1015 sancta
774 987 906 1014 Romana
920 985 1040 1014 eeclesia
1055 985 1148 1021 hujus

179 1047 335 1080 pretaxate
357 1046 454 1069 nostre
476 1040 681 1069 institutionis
697 1040 737 1067 sit
755 1040 838 1067 heres
856 1040 884 1067 in
903 1043 1094 1076 perpetuum.
1114 1037 1149 1065 Et

183 1095 326 1132 quoniam
347 1095 456 1123 ultima
480 1094 630 1121 testatoris
654 1092 793 1120 roluntas
812 1092 976 1120 secundum
1005 1092 1079 1127 leqes
1101 1095 1150 1118 at-

183 1147 330 1176 tendenda
356 1151 396 1175 est
421 1151 446 1174 et
470 1146 636 1179 servanda,
669 1154 703 1173 ne
728 1145 833 1181 aliqua
860 1149 958 1172 nostre
984 1144 1151 1172 voluntatis

184 1201 354 1228 mutatione
375 1199 457 1227 nobis
477 1200 523 1234 sas
541 1199 581 1226 sit
601 1203 705 1227 contra
724 1206 846 1234 presens
866 1201 1075 1225 testamentum
1100 1205 1150 1224 ve-

187 1254 266 1287 nire,
290 1261 349 1281 ecce
364 1253 509 1289 appositis
524 1256 549 1279 et
567 1252 654 1279 tactis
668 1251 868 1278 sacrosanctis
881 1250 1060 1286 eranqeliis,
1082 1258 1151 1286 pre-

185 1306 318 1334 sentibus
344 1305 466 1333 domino
494 1305 612 1332 Roberto
641 1303 803 1332 venerabili
829 1303 977 1331 Fundano
1001 1302 1147 1339 episcopo⁷

186 1359 339 1393 Pandulso
354 1358 473 1386 domini
487 1366 562 1394 pape
577 1356 758 1385 subdiacono
772 1361 798 1384 et
812 1356 978 1391 familiari,
998 1355 1153 1392 Siyinulfo

187 1411 332 1440 canonico
347 1411 566 1445 Fer-rentinate,
586 1415 611 1438 et
627 1409 801 1446 supradicto
818 1410 957 1446 Roqqcrio
972 1409 1068 1443 fratre
1086 1416 1154 1436 nos-

189 1468 249 1497 tro,
266 1463 450 1499 juravimus
469 1463 503 1491 cle
521 1467 614 1491 cetero
631 1470 789 1498 nunquam
809 1466 913 1489 contra
928 1470 1049 1499 presens
1065 1465 1155 1489 testa-

189 1521 323 1544 mentum
345 1516 454 1550 venire,
478 1524 571 1552 neque
586 1523 663 1542 ausu
681 1514 841 1542 temerario
857 1519 960 1542 contra
978 1514 1155 1550 reliqionem

191 1569 286 1597 nostri
302 1567 477 1605 juramenti
499 1567 668 1603 insrinqere
682 1575 732 1594 seu
752 1571 884 1601 mutare,
903 1566 953 1594 secl
968 1566 1048 1594 illud
1064 1575 1156 1594 cura-

188 1622 288 1649 bimus
302 1625 453 1658 prestante
468 1619 593 1648 Domino
603 1619 808 1656 perempniter
822 1619 1006 1648 inviolatum
1022 1627 1153 1647 serrare.

189 1674 272 1703 Illud
288 1679 389 1702 autem
407 1673 542 1711 presenti
556 1673 667 1710 scripto
686 1681 743 1701 non
763 1677 804 1700 est
820 1672 1056 1710 pretereundum
1080 1672 1158 1709 quod

191 1727 335 1755 dominus
350 1735 430 1763 papa
451 1734 639 1762 quocumque
659 1730 788 1762 tempore
805 1726 879 1753 Deus
900 1734 952 1753 nos
973 1725 1006 1753 de
1026 1725 1160 1763 presenti

193 1779 256 1807 luce
274 1779 433 1813 roraverit,
450 1778 532 1806 dabit
544 1786 600 1814 pro
616 1778 721 1805 anima
738 1782 839 1806 nostra
855 1786 870 1806 c
885 1777 994 1806 uncias
1006 1778 1080 1806 auri
1095 1777 1159 1805 clis-

194 1831 369 1860 tribuendas
386 1840 441 1868 per
459 1839 569 1859 manus
588 1831 662 1859 dieti
678 1831 795 1859 Roberti
818 1831 998 1859 renerabilis
1015 1830 1161 1859 Fundani

193 1884 320 1921 episcopi
340 1888 366 1911 et
387 1883 534 1920 Stephani
556 1884 736 1912 venerahilis
753 1883 873 1911 domini
888 1892 963 1920 pape
981 1884 1158 1912 camerarii.

236 1937 269 1965 L't
291 1941 390 1980 autem
412 1937 660 1973 prenominatum
680 1941 889 1965 testamentum
911 1941 937 1964 et
958 1936 1037 1965 dicta
1059 1941 1161 1964 nostra

196 1990 349 2017 institutio
364 1989 442 2017 sicut
459 1990 601 2026 superius
615 1990 728 2026 scripta
744 1994 816 2017 sunt
833 1993 1008 2026 perpetuam
1026 1989 1095 2025 firm
1103 1989 1162 2017 ita-

196 2047 251 2070 tem
267 2042 428 2077 obtineant,
446 2043 615 2079 obligamus
629 2051 681 2070 nos
691 2042 811 2071 heredes
821 2047 1036 2071 etsuecessores
1048 2047 1164 2070 nostros

199 2096 227 2123 in
254 2104 329 2132 pena
353 2095 553 2123 ducentarum
577 2096 725 2124 librarum
746 2096 820 2124 (turi
844 2096 967 2124 domino
980 2104 1054 2133 pape
1070 2095 1164 2124 Inno-

195 2149 292 2176 centio
307 2152 333 2175 et
348 2148 564 2176 successoribus
577 2149 650 2185 ejus,
667 2149 693 2176 si
707 2153 810 2177 contra
826 2153 1019 2186 pi-etaoeatam
1036 2149 1164 2177 institu-

198 2201 307 2229 tionem
320 2205 373 2228 aut
385 2205 488 2229 contra
498 2210 619 2237 presens
629 2203 777 2238 scriptum
790 2202 892 2230 venire
902 2201 1161 2239 temptaverimus,

197 2257 223 2281 et
243 2261 321 2289 pena
342 2253 441 2281 soluta
462 2253 512 2281 hec
533 2258 634 2282 nostra
658 2254 812 2282 institutio
833 2259 858 2283 et
881 2259 967 2283 carta
983 2254 1074 2291 firma
1098 2263 1165 2282 ma-

200 2309 290 2334 neant
315 2306 344 2333 in
367 2310 557 2342 perpetuum.
582 2307 676 2340 Quam
698 2307 885 2335 scribendam
904 2307 1094 2344 precepimus
1113 2307 1167 2335 tibi

198 2358 333 2387 Johanni
360 2358 490 2386 Romano
516 2359 664 2387 Fundano
682 2360 785 2396 judici
811 2364 837 2388 ct
864 2360 984 2388 notario
1011 2364 1112 2388 nostro
1133 2360 1167 2388 in

202 2418 300 2438 mense
315 2414 340 2438 et
359 2411 523 2439 indictione
539 2412 725 2447 supradicta.

240 2463 297 2491 Nos
313 2463 476 2491 Rict·ai·dus
491 2463 524 2491 tle
540 2465 650 2500 Aqitila
668 2465 718 2492 Dei
737 2469 761 2492 et
782 2465 863 2501 rrqia
879 2466 981 2502 qratia
998 2465 1169 2493 Fundanus

202 2523 306 2544 comes.

240 2568 298 2596 Sos
314 2569 453 2597 Imber-tus
469 2569 518 2597 Dei
533 2569 634 2605 qratia
650 2570 821 2598 Fundanus
837 2580 940 2598 comes-

241 2621 300 2657 qu
315 2621 440 2649 Jonatas
455 2621 688 2658 archipresbiter
705 2628 806 2650 sancte
821 2624 915 2651 Jlarie
931 2624 964 2651 de
981 2623 1107 2652 Fundis.

244 2673 302 2709 qu
318 2673 480 2710 Roqqerius
495 2674 529 2702 de
544 2675 607 2711 Aqu
615 2675 654 2702 ila
671 2676 768 2710 frater
784 2675 902 2703 domini
918 2675 1046 2704 comitis.

242 2725 302 2761 qu
317 2725 487 2761 :ldenulsus
502 2726 536 2754 de
550 2726 680 2755 Huberto
697 2727 864 2755 Fundanus
880 2728 1107 2756 comestabulus.

243 2778 302 2813 qu
319 2778 504 2807 Crescentius
518 2779 689 2808 Fundanus
706 2781 800 2808 miles.

244 2831 303 2866 liqo
318 2831 470 2859 ,lohannes
487 2831 521 2859 de
536 2832 677 2869 Episcopo
696 2833 864 2861 Fundanus
881 2834 975 2862 miles.

246 2883 304 2919 qu
320 2884 524 2913 Bartolomeus
539 2885 573 2913 de
588 2885 695 2922 Eqidio
712 2886 880 2914 Fundanus
899 2886 992 2915 miles.

247 2935 305 2971 Eyo
324 2935 494 2965 Gimundus
510 2937 543 2965 de
559 2938 655 2966 Raone
670 2939 841 2967 Fundanus
858 2939 954 2968 miles.

220 3006 225 3011 ·
248 2988 307 3025 qu
327 2989 473 3018 Vicianus
489 2991 615 3027 majoris
630 2992 746 3020 ecclesie
760 2993 968 3029 primicerius.

683 344 732 372 LE
757 343 900 372 LIBER
923 340 1158 371 CENSUUM
1182 340 1236 369 DE
1259 332 1446 370 L‘EGLISE
1470 340 1680 370 ROMAINE.

1302 407 1361 444 Eyo
1380 406 1529 435 Girarclus
1545 407 1673 443 ¹maJ'oris
1686 406 1803 435 ecclesie
1818 405 1974 434 diaconus.

1301 459 1360 494 qu
1374 459 1527 487 ,Iohannes
1544 459 1670 495 maJ'oris
1686 459 1802 487 ecclesie
1817 457 2027 491 subdiaconus,
2050 460 2142 484 testes.

1303 511 1363 547 qu
1381 511 1534 539 Johannes
1556 510 1725 539 Fundanus
1740 510 1838 546 juder
1857 513 1922 546 post
1943 509 1995 537 hos
2014 508 2179 545 subscripsi
2199 508 2236 536 in

1265 572 1363 592 mense
1379 568 1405 591 et
1422 563 1588 592 indictione
1603 563 1823 599 suprascripta.

1227 707 1332 736 XXV.
1350 724 1386 728 —
1404 707 1544 736 Lim-'rene
1561 714 1718 735 cnsusnnt
1738 713 1946 734 mmerrxoms
1959 705 2144 734 Aissxssnm
2160 713 2238 734 ΡΑΡΒ.

1267 769 1307 789 An
1322 768 1445 789 onmium
1464 768 1502 788 m·
1521 767 1664 789 POPULUM
1682 758 1884 787 VERULANUM
1900 761 1920 786 ¹.

1306 857 1478 886 Alexander
1494 858 1648 895 episcopus
1665 865 1772 885 servus
1786 864 1942 885 serroruin
1963 856 2012 884 Dei
2028 856 2145 884 dilectis
2163 855 2241 892 filiis

1270 911 1412 939 uniuerso
1428 911 1505 938 clero
1520 915 1546 938 et
1562 911 1672 947 populo
1690 910 1847 944 Verulano,
1862 909 1990 937 salutem
2005 913 2031 936 et
2044 908 2241 945 apostolicam

1268 963 1514 992 benedictionem.
1532 963 1604 991 Cum
1624 967 1703 991 terra
1726 967 1821 991 restra
1837 961 2010 998 specialiter
2024 961 2102 989 beati
2117 960 2201 988 Petri
2215 963 2243 988 et

1270 1015 1368 1044 nostri
1379 1015 1466 1051 juris
1489 1015 1611 1049 emisisti,
1631 1015 1769 1051 §rariter
1786 1019 1827 1042 cst
1846 1013 2022 1051 puniendus
2043 1013 2071 1041 si
2092 1013 2161 1049 quis
2176 1020 2243 1040 ves-

1273 1073 1354 1096 trum
1376 1067 1503 1096 aliunde
1526 1076 1616 1104 quam
1638 1068 1672 1095 ab
1690 1067 1811 1096 ecclesia
1833 1067 1967 1095 Romana
1993 1066 2123 1102 requirit
2137 1069 2245 1102 patro-

1271 1118 1389 1148 cinium
1410 1120 1453 1148 rel
1471 1120 1606 1148 tutelam.
1626 1120 1699 1148 Inde
1714 1124 1755 1147 est
1771 1119 1849 1156 quod
1866 1119 2066 1147 ¹universitati
2084 1122 2177 1147 vestre
2190 1125 2246 1154 per

1272 1172 1435 1209 apostolica
1456 1172 1571 1209 scripta
1590 1172 1785 1209 precipiendo
1804 1171 1991 1200 mandamus
2007 1171 2156 1207 quatinus
2172 1169 2246 1198 nul-

1274 1225 1322 1253 lus
1339 1229 1469 1253 vestrum
1488 1225 1523 1252 ab
1538 1225 1694 1261 aliquibus
1712 1229 1797 1253 emtra
1818 1224 1942 1252 Verulas
1957 1232 2048 1260 quam
2069 1223 2104 1251 ab
2125 1222 2248 1252 ecclesia

1274 1278 1408 1306 Romana
1436 1278 1643 1315 patrocinium
1671 1278 1714 1306 rel
1737 1277 1937 1313 defensionem
1963 1280 2120 1314 presumat
2142 1275 2249 1312 requi-

1277 1339 1353 1365 rere,
1375 1339 1425 1358 nec
1441 1329 1557 1366 aliquis
1581 1334 1710 1358 restrum
1736 1330 1932 1366 possessiones
1955 1329 1998 1357 rel
2019 1328 2115 1357 silvas
2136 1336 2192 1365 que
2214 1327 2250 1356 in

1277 1383 1432 1412 territorio
1451 1387 1544 1411 cestre
1559 1383 1697 1411 cii-itatis
1712 1383 1882 1411 consistunt
1894 1382 1951 1410 alii
1968 1390 2059 1418 quam
2075 1380 2251 1410 concivibus

1276 1436 1342 1464 suis
1367 1435 1491 1464 rendere
1513 1435 1625 1463 donare
1649 1435 1692 1463 rel
1710 1435 1835 1471 piqnori
1858 1434 1989 1470 obliqare
2007 1437 2175 1470 presumat.
2197 1433 2251 1461 Ῑ-η-

1277 1497 1368 1525 super
1390 1488 1482 1516 etiam
1507 1488 1586 1515 robis
1608 1488 1748 1516 omnibus
1768 1487 1943 1515 inhibemus
1967 1495 2001 1514 ne
2024 1487 2093 1522 quis
2115 1490 2252 1514 vestrum

1278 1539 1394 1568 Bittoni
1409 1538 1563 1575 quondam
1580 1538 1698 1567 concivi
1714 1542 1819 1573 vestro,
1841 1538 1895 1574 qui
1910 1545 2044 1574 eqressus
2060 1541 2101 1564 est
2118 1535 2152 1564 cle
2170 1540 2253 1564 terra

1280 1596 1380 1620 restra
1402 1591 1441 1619 ad
1462 1591 1618 1620 civitatem
1637 1591 1750 1619 Antene
1763 1586 1776 1603 ²
1795 1591 1874 1619 sicut
1892 1590 2039 1618 audimus
2060 1597 2089 1617 se
2112 1593 2252 1617 transtu-

1281 1645 1318 1673 lit
1333 1649 1368 1672 ut
1381 1644 1509 1679 facilius
1526 1652 1575 1672 vos
1589 1648 1615 1671 et
1630 1648 1741 1671 terram
1761 1647 1890 1671 vestram
1906 1642 2000 1679 possit
2017 1650 2127 1676 nocere,
2147 1645 2255 1670 contra

1280 1706 1331 1726 cos
1348 1697 1394 1726 cel
1411 1696 1533 1725 eandem
1553 1701 1664 1725 terram
1686 1696 1842 1724 auxilium
1864 1699 1999 1733 prestare
2016 1694 2127 1722 audeat
2143 1694 2189 1722 vel
2203 1694 2254 1729 fa-

1284 1758 1393 1778 vorem.
1413 1749 1446 1778 Si
1464 1750 1518 1786 qui
1535 1753 1635 1777 autem
1651 1749 1784 1786 precepti
1805 1748 1850 1777 rel
1868 1747 2086 1785 prohibitionis
2105 1750 2205 1775 *nostre
2223 1746 2257 1774 in

1282 1803 1338 1831 hac
1350 1807 1437 1840 parte
1452 1803 1571 1838 suerint
1588 1806 1831 1839 transgressores,
1851 1800 1970 1837 singuli
1987 1800 2085 1828 banno
2101 1798 2199 1828 decem
2215 1798 2258 1827 li-

1282 1857 1408 1884 brarum
1425 1864 1454 1883 se
1471 1855 1612 1883 noverint
1629 1855 1790 1891 suln'acere.
1817 1854 1928 1882 Datum
1952 1851 2132 1887 Tusculani,
2157 1851 2178 1880 V
2191 1851 2255 1880 kat.

1283 1909 1455 1938 decembris.

1245 2052 1369 2083 XXVI.
1385 2067 1424 2074 —
1439 2051 1696 2081 INSTRUMRNTUM
1718 2059 1756 2079 ne
1779 2057 2036 2079 RENL‘NTIATJONE
2053 2058 2093 2078 m*
2115 2058 2259 2078 naemu-

1286 2114 1382 2135 'noxe
1400 2113 1561 2134 cususmu
1582 2112 1685 2132 namn
1706 2111 1793 2136 QUAM
1813 2111 1902 2131 recu·
1921 2102 2042 2132 JACOBA
2061 2110 2142 2131 oxon
2159 2110 2259 2135 Quou-

1287 2167 1351 2187 mm
1374 2157 1533 2187 GRATmm
1557 2157 1746 2192 Femineam,
1773 2164 1856 2189 ouon
1882 2164 2020 2184 neem-uu
2045 2164 2161 2184 menn*
2185 2162 2261 2184 ineu

1288 2210 1474 2240 Gnuunus
1491 2218 1524 2238 m
1540 2216 1659 2239 css‘rno
1678 2207 1807 2237 Numam
1817 2209 1840 2236 ⁸.

1328 2309 1367 2338 In«
1399 2309 1521 2337 nomine
1557 2308 1694 2343 Domini,
1731 2315 1812 2336 anno
1848 2307 1998 2335 dominice
2036 2306 2264 2334 incarnationis

1288 2467 1314 2493 1.
1331 2467 1364 2493 27
1382 2465 1538 2493 novembre
1556 2465 1706 2498 (117080).
1730 2480 1762 2484 —
1782 2463 1872 2497 Jaffe,
1892 2463 1993 2494 1353&
2013 2463 2166 2493 Min-amri,
2183 2464 2263 2495 Ant„

1252 2519 1272 2541 t.
1285 2514 1324 2547 ΙΙ,
1342 2524 1368 2548 p.
1385 2514 1454 2545 2233
1474 2513 1745 2547 Pssugk-Harttung,
1763 2515 1828 2539 Acta
1845 2513 1895 2538 ΡΡ.
1913 2513 2028 2542 int—dita.
2046 2516 2066 2537 ῑ,
2085 2511 2136 2542 ΙΙΙ,
2155 2520 2182 2546 p.
2198 2510 2263 2538 27⁴.

1253 2578 1285 2581 —
1298 2562 1462 2589 Alexandre
1477 2561 1518 2588 111
1536 2563 1661 2596 rappelle
1676 2570 1732 2587 aux
1749 2569 1822 2595 gens
1837 2561 1872 2586 de
1891 2560 1987 2586 Veron
2004 2560 2081 2586 leurs
2097 2560 2212 2586 devoirs
2228 2559 2265 2586 de

1252 2613 1347 2645 sujets
1361 2618 1465 2637 envers
1482 2611 1506 2636 le
1522 2609 1702 2643 Saint-Siege
1718 2613 1747 2635 et
1763 2609 1804 2635 les
1817 2613 1874 2634 met
1889 2617 1922 2634 en
1940 2608 2027 2643 garde
2043 2612 2143 2634 contre
2159 2608 2201 2634 les
2217 2615 2266 2634 en-

1253 2659 1392 2693 treprises
1406 2659 1440 2684 de
1458 2658 1565 2692 Bitton,
1585 2667 1620 2684 un
1638 2658 1672 2684 de
1689 2659 1767 2684 leurs
1780 2658 1980 2692 concitoyens.

1288 2708 1316 2734 2.
1332 2707 1435 2739 Atina,
1454 2709 1468 2733 εὶ
1484 2708 1548 2733 l'est
1563 2707 1714 2741 d'Arpino.

1291 2756 1316 2782 3.
1344 2755 1375 2782 13
1399 2755 1454 2781 mai
1480 2755 1610 2781 1‘217.—
1625 2755 1779 2786 Muratori,
1799 2756 1875 2785 Aac,
1897 2758 1916 2779 t.
1943 2754 1970 2787 Ι,
1994 2763 2020 2788 Ι).
2047 2754 2106 2781 493.
2122 2767 2159 2774 -
2174 2753 2268 2779 Autre

1255 2804 1337 2839 piece
1353 2804 1469 2830 relative
1486 2812 1520 2830 au
1538 2803 1672 2829 domnine
1688 2803 1722 2829 de
1744 2803 1840 2829 Ninia.
1860 2803 1903 2828 Cf.
1921 2802 2085 2836 ci-dessus‚
2103 2808 2133 2828 11⁰
2151 2801 2267 2828 XXIII.

1254 2852 1374 2885 Jacoba,
1393 2859 1486 2877 venre
1500 2851 1536 2877 de
1551 2851 1691 2878 Graziano
1710 2851 1900 2885 Frangipani,
1919 2851 2013 2877 donne
2028 2859 2063 2876 au
2081 2858 2153 2885 pape
2169 2849 2269 2876 Hono-

1256 2900 1317 2926 rius
1333 2899 1376 2926 111
1387 2896 1540 2934 'quittance
1555 2899 1641 2925 d'une
1661 2899 1738 2925 dette
1761 2901 1925 2925 conti-acteo
1942 2906 2047 2924 envers
2062 2906 2114 2924 son
2133 2898 2202 2924 mari
2217 2905 2271 2924 sur

1257 2948 1283 2974 le
1299 2949 1420 2974 chmeau
1437 2947 1472 2973 do
1487 2947 1582 2974 Ninia.
1594 2961 1629 2967 -—
1642 2947 1679 2973 Le
1695 2955 1767 2982 pape
1783 2951 1827 2973 est
1841 2948 2008 2982 represent&
2023 2955 2073 2981 par
2089 2947 2114 2972 le
2130 2945 2272 2972 camerier

1258 2995 1397 3022 Sinibald.
