2392 3571
663 314 713 343 LE
737 313 884 344 LIBER
905 310 1140 343 CENSUUM
1163 310 1218 341 DE
1241 302 1427 344 L’EGLISE
1450 315 1660 346 ROMAINE.
2153 319 2202 349 191

196 379 431 410 Monasterium
445 381 455 400 ¹
472 383 580 409 sancte
596 378 753 409 Columbo
769 389 778 408 1
797 379 1052 409 marabotinum.

195 432 330 459 Decimus
349 435 377 458 et
399 432 556 467 capitulum
578 432 701 458 ecclesie
724 431 904 458 Senonensis
918 431 1024 458 debent
1038 431 1122 457 annis

154 481 280 515 singulis
296 480 418 507 ecclesie
444 480 574 507 Romane
593 480 622 506 in
643 480 718 507 festo
735 480 812 507 Petri
828 483 857 506 et
872 479 954 506 Pauli
975 479 1122 514 apostolo-

154 538 218 557 rum
235 530 342 556 ratione
359 529 552 563 exemptionis
567 529 603 555 de
618 528 690 563 ipsis
706 537 756 563 per
771 529 879 555 dictum
896 528 1044 554 dominum
1062 535 1124 553 nos·

154 581 230 605 trum
252 576 428 603 Clementem
454 576 520 609 VII,
542 576 568 603 V
593 577 646 603 kal.
667 576 749 603 Junii
773 577 960 611 pontificatus
981 575 1028 602 sui
1048 583 1123 601 anno

155 625 214 652 XII
229 625 302 652 facte
319 629 378 652 tres
393 625 519 655 florenos
535 625 597 652 auri
612 625 647 652 de
662 633 776 652 camera
791 626 857 658 (ι-ι).

114 767 152 797 ΙΝ
168 775 356 797 ΕΡ150οΡΑΤΠ
374 766 567 796 ΡΑΒιειεΝει.

197 819 432 849 Monasterium
444 821 457 839 ²
472 819 697 849 Latiniacense
716 827 724 847 1
743 818 889 848 unctiam
905 818 976 848 auri
990 826 1014 847 ι.

147 999 172 1029 a)
187 1000 260 1022 Haec
276 999 366 1022 deleta
381 1001 448 1022 sunt
466 999 496 1022 in
512 1001 550 1022 Α.

154 1182 179 1209 1.
197 1180 449 1208 Sainte-Colombe
461 1202 467 1213 ‚
485 1181 648 1207 monastere
663 1180 749 1207 fonde
764 1189 800 1207 au
816 1181 955 1215 septi-'eme
971 1180 1058 1207 siecle
1074 1189 1125 1215 par

118 1229 247 1265 l’eveque
266 1229 302 1256 de
322 1229 397 1256 Sens
417 1229 539 1255 Emmon
555 1229 664 1261 (charte
679 1228 714 1255 de
731 1229 793 1263 660,
815 1228 988 1261 Pardessus,
1006 1234 1037 1255 n0
1053 1228 1124 1262 333).

118 1279 158 1306 La
178 1278 339 1314 protection
360 1277 398 1304 du
422 1276 601 1312 saint-siege
624 1277 664 1303 lui
683 1280 729 1304 est
751 1279 870 1304 assui-ee
891 1286 941 1312 par
962 1278 1013 1304 des
1034 1277 1127 1304 bulles

119 1327 290 1354 d'Innocent
312 1326 340 1353 II
361 1326 410 1359 (J.‚
433 1326 530 1359 8347),
547 1326 585 1352 du
602 1325 634 1353 93
651 1326 754 1352 sevrier
771 1325 855 1355 1143,
872 1330 900 1352 et
913 1325 1070 1352 d'Hadrieu
1086 1325 1127 1352 IV

117 1375 169 1409 (J..
190 1375 295 1409 maie),
312 1375 348 1401 du
365 1375 395 1401 15
410 1375 565 1401 novembre
580 1375 644 1401 1157
659 1384 665 1405 ;
678 1374 750 1401 mais
762 1374 833 1400 dans
845 1383 894 1401 ces
907 1376 1003 1409 pieces
1018 1375 1036 1401 il
1054 1375 1129 1401 n'est

119 1433 172 1460 pas
187 1425 320 1458 question
333 1424 367 1450 de
384 1432 465 1451 cens.
477 1422 654 1458 Cepcndant‚
670 1423 740 1449 celle
755 1423 910 1449 d’Hadrien
927 1422 966 1449 lV
981 1428 1061 1458 porte
1072 1432 1128 1457 que

117 1474 145 1500 le
161 1474 325 1500 monastere
348 1476 392 1498 est
414 1473 450 1498 ad
469 1473 511 1498 ius
532 1473 556 1498 b.
574 1473 647 1498 Petri
662 1473 817 1505 specialiter
831 1473 978 1506 pertinens.
997 1471 1043 1498 Un
1060 1479 1128 1506 regu

117 1522 157 1549 du
173 1522 330 1549 collecteur
346 1521 447 1548 Albert
467 1521 501 1547 de
521 1521 677 1552 Grondola,
693 1529 728 1547 en
747 1521 824 1554 ι1Ξ9Ο,
842 1525 972 1547 constate
994 1521 1018 1547 le
1041 1529 1128 1556 paye-

119 1575 199 1598 ment
218 1580 290 1606 pour
307 1579 343 1597 un
361 1571 466 1597 ari-iere
482 1570 516 1596 de
531 1574 787 1604 mimante-quatre
803 1579 856 1596 ans
875 1579 911 1597 au
927 1574 995 1597 tanx
1011 1570 1129 1604 indique

118 1619 157 1647 ici
171 1619 214 1650 (Ρ.
232 1619 332 1651 Fabi-e,
348 1620 481 1651 Melanyes
496 1619 527 1645 de
543 1619 639 1645 I'Ecole
654 1619 685 1644 cle
702 1620 788 1652 Reme,
808 1619 886 1651 1897,
904 1628 930 1654 p.
947 1619 1020 1652 295).

154 1668 181 1694 2.
205 1667 487 1702 Lugny-sur-Marne
510 1667 767 1700 (arrondissemcnt
783 1667 817 1693 de
834 1668 958 1701 Meaux).
982 1668 1077 1696 Fonde
1092 1677 1127 1696 au

121 1716 261 1751 septieme
275 1716 363 1743 siecle
378 1724 429 1750 par
444 1716 468 1741 le
484 1716 580 1742 moine
596 1716 731 1742 irlandais
746 1717 821 1742 saint
833 1715 936 1751 Fursy,
948 1725 999 1743 sur
1016 1726 1052 1743 un
1070 1721 1128 1743 ter-

122 1765 181 1791 rain
198 1764 293 1791 foui-ni
312 1773 362 1799 par
382 1763 569 1795 Erchinoald3
595 1764 701 1790 deti-uit
723 1773 772 1798 par
787 1765 828 1790 les
844 1764 1023 1797 Normands,
1041 1769 1069 1792 et
1084 1768 1128 1792 re-

120 1813 188 1840 tabli
206 1821 255 1847 par
272 1812 395 1839 Herbcrt
415 1812 458 1839 111
473 1813 508 1838 de
526 1812 716 1839 vermandois
732 1812 874 1848 (Diplome
890 1813 927 1840 du
945 1815 986 1840 roi
1008 1814 1127 1845 Robert,

120 1862 159 1888 du
172 1862 205 1888 24
221 1862 326 1888 fevi-ier
344 1862 432 1893 1019).
449 1861 526 1888 Suus
542 1861 650 1888 Urbain
668 1861 857 1895 11‚1·abbe›de
873 1862 970 1897 Lagny
981 1863 1074 1889 obtint
1091 1872 1127 1889 un

121 1911 259 1946 privilege
280 1910 424 1944 pontifical
441 1920 447 1936 :
471 1911 495 1936 lc
516 1918 589 1945 pape
605 1910 660 1945 prii.
675 1918 746 1936 sons
761 1911 784 1937 la
802 1912 959 1944 protectioni
978 1912 1014 1937 du
1031 1912 1128 1938 Saint-

120 1958 207 1993 siege.
227 1958 426 1985 Saint-Pierre
447 1959 482 1985 de
505 1958 612 1993 Lagny,
634 1967 705 1985 avec
728 1959 753 1985 la
774 1960 840 1986 villa
856 1961 983 1993 adjacens
998 1963 1021 1987 et
1041 1964 1130 1987 cetera

121 2009 215 2034 omnia
230 2007 265 2033 ad
281 2009 373 2040 ipsum
386 2009 566 2040 pertinentia,
584 2015 618 2033 en
636 2008 765 2042 aj0utant
783 2019 788 2034 :
802 2019 814 2031 «
831 2009 872 2035 Aa
887 2009 1022 2035 indicium
1038 2013 1130 2036 autem

119 2059 246 2090 perceptae
261 2063 278 2082 a
294 2057 415 2083 Romana
428 2057 538 2082 ecclesia
555 2057 691 2082 libertatis
707 2058 774 2082 auri
786 2059 900 2084 unciam
915 2060 1063 2091 quotannis
1079 2059 1130 2085 La-

121 2107 260 2132 teranensi
273 2106 377 2138 palatio
391 2106 548 2138 persolvetis
565 2116 577 2129 u
597 2104 742 2138 (Jaffe-L„
763 2112 793 2130 no
809 2105 897 2139 5728).
916 2105 937 2132 Il
954 2107 1042 2132 serait
1057 2107 1132 2133 inte-

121 2157 236 2180 ressant
249 2153 284 2179 de
300 2153 396 2179 savoir
414 2153 439 2179 si
456 2158 501 2179 cet
516 2157 580 2179 acte
596 2158 640 2179 est
657 2155 802 2180 antei-ieur
816 2156 830 2180 a
848 2155 873 2180 la
889 2155 970 2180 lettre
985 2154 1080 2181 d’lves
1096 2155 1130 2182 de

121 2202 256 2229 Chai-tres
278 2204 334 2236 (ep.
359 2201 464 2235 LXV),
487 2202 559 2228 dans
582 2202 703 2236 laquelle
728 2203 745 2228 11
770 2211 801 2228 se
823 2203 910 2237 plaint
933 2203 968 2229 de
990 2204 1131 2230 1'attitude

121 2251 172 2277 des
189 2251 300 2277 moines
319 2251 353 2276 de
375 2250 473 2285 Lagny
490 2259 525 2276 en
548 2251 610 2277 face
625 2251 660 2277 de
682 2251 810 2285 l'echue
827 2251 862 2277 de
884 2251 966 2278 Paris
984 2263 989 2278 z
1008 2263 1020 2275 (ι
1037 2253 1131 2279 Nescio

121 2307 176 2333 qua
197 2307 267 2325 nora
287 2299 410 2325 libertate
433 2307 495 2324 suos
517 2307 636 2325 excessus
660 2302 773 2325 tuentur
793 2303 815 2325 et
835 2299 1027 2333 subjectionem
1047 2302 1131 2327 Pari-

122 2349 205 2374 siensz'
219 2347 333 2373 ecclesia·
354 2347 470 2372 debitam
492 2350 514 2372 et
538 2347 668 2373 hactenus
684 2348 844 2381 exhibitam,
861 2351 956 2374 contra
971 2351 1131 2376 canonicam

122 2397 324 2422 institutionem
338 2396 369 2421 de
392 2397 492 2422 cervice
507 2404 558 2421 sna
575 2398 697 2421 eaeczttere
714 2397 880 2422 moliuntur.
905 2398 948 2423 llae
962 2402 1054 2424 antem
1067 2407 1130 2432 pei·-

122 2452 193 2470 sonae
205 2445 366 2477 hnjztsmotll
379 2447 453 2474 sunl,
471 2445 570 2477 quibus
586 2446 674 2477 *nzayz's
689 2447 840 2471 necessaria
856 2449 894 2473 est
907 2447 1033 2481 subjectio
1048 2456 1132 2481 quam

124 2493 246 2520 libertas.
264 2504 277 2517 u
294 2492 365 2519 Tr‘es
377 2493 568 2519 interessentc
586 2502 658 2527 pour
673 2493 811 2520 l’hisloire
823 2494 859 2520 du
872 2503 942 2521 cens
952 2500 996 2521 est
1011 2496 1035 2522 la
1051 2497 1132 2523 lettre

123 2540 258 2567 adresse'e
275 2549 324 2575 par
339 2541 503 2567 Alexandro
519 2540 561 2567 111
584 2543 598 2567 a
619 2541 709 2567 l'abbc'
725 2541 759 2567 de
782 2541 881 2577 Lagny
906 2554 911 2568 ς
937 2554 949 2566 u
967 2543 1088 2570 Invento
1104 2545 1132 2570 in

124 2589 248 2623 quodam
265 2590 373 2623 scripto
396 2590 534 2615 librorum
552 2593 716 2616 nostrorum
734 2590 808 2624 quod
825 2590 1012 2618 Lateranensi
1030 2593 1133 2627 palutio

124 2638 248 2664 ecclesia
263 2643 358 2664 vestra
375 2639 499 2672 singulis
515 2639 599 2665 annis
619 2640 731 2665 unciam
747 2639 863 2666 deberet
879 2641 941 2667 auri
959 2642 1132 2674 persolvere,

124 2687 159 2714 ab
184 2687 371 2713 universitate
393 2692 488 2713 vestra
510 2696 629 2713 censum
655 2688 748 2722 ipsum
772 2689 932 2722 exegimus.
959 2689 1015 2715 Sed
1038 2694 1132 2716 tamen

125 2736 209 2762 nobis
226 2735 417 2769 respondistis
434 2744 486 2761 nec
509 2737 536 2762 in
556 2741 651 2761 vestra
672 2736 808 2762 memoria
824 2744 888 2763 esse
905 2746 957 2763 uec
972 2738 1067 2772 aliqua
1083 2747 1134 2764 vos

125 2784 191 2810 inde
207 2783 314 2818 scripta
330 2784 434 2810 habere
453 2783 529 2818 quod
547 2784 620 2809 idem
637 2792 744 2810 census
759 2785 794 2810 ab
815 2785 937 2811 ecclesia
954 2791 1047 2812 vestra
1063 2795 1133 2812 con—

125 2832 254 2858 sueverit
269 2840 303 2858 ex
320 2832 488 2859 condicione
509 2833 644 2867 persolvi.
668 2831 751 2858 Unde
773 2841 837 2859 cum
856 2834 1027 2860 venerabilis
1048 2835 1135 2861 frater

126 2883 224 2906 noster
240 2879 406 2906 Bel-nardus
424 2880 594 2906 Portuensis
609 2881 766 2915 episcopus
788 2886 815 2907 et
831 2882 954 2909 dilectus
971 2883 1047 2909 filius
1064 2891 1133 2909 nos-

125 2932 169 2954 ter
192 2928 338 2954 Hem-icus
361 2928 413 2955 SS.
436 2929 522 2955 Nerei
545 2932 572 2955 et
592 2929 714 2955 Achillei
737 2930 887 2964 presbyter
909 2930 1062 2957 cardinalis
1083 2940 1133 2965 per

125 2977 332 3003 monasterium
356 2981 484 3004 vestrum
508 2986 598 3012 nuper
614 2978 788 3009 transirent,
804 2978 919 3013 quidam
936 2979 970 3005 de
992 2980 1131 3006 maturio-

1282 379 1414 409 Ecclesia
1434 382 1444 402 ¹
1468 384 1569 412 sancti
1598 384 1706 412 Thome
1729 393 1901 422 pauperum
1926 386 2093 415 scolarium
2119 387 2211 424 pari-

1242 433 1351 462 siensis
1366 440 1482 472 recepta
1503 440 1542 464 est
1561 437 1615 465 sub
1626 438 1812 474 protectione
1827 439 1958 468 Romane
1973 439 2091 468 ecclesie
2103 440 2209 477 ponti-

1243 485 1352 521 ficatus
1373 487 1493 516 domini
1515 489 1689 518 Innoccnlii
1713 491 1761 519 III
1780 499 1854 528 pape
1875 500 1959 520 anno
1982 492 2158 522 duodecimo
2182 497 2209 522 et

1244 538 1324 567 debet
1339 540 1472 576 sinyulis
1488 543 1582 570 annis
1599 551 1653 579 pro
1669 551 1758 572 censu
1774 552 1795 572 11
1813 544 1909 573 obolos
1924 546 2008 573 auri.

1284 590 1511 619 Monasterium²
1526 595 1616 621 sancti
1640 594 1763 622 Dionisii
1784 596 1811 622 in
1836 595 1968 626 Francia,
1986 597 2060 631 quod
2077 606 2093 624 a
2110 598 2210 625 multis

1246 640 1426 673 temporibus
1455 646 1619 676 exemptum
1643 648 1702 676 est,
1725 653 1825 679 nuper,
1849 645 1981 672 videlicet
2003 655 2078 673 anno
2100 647 2210 674 domini

1246 687 1402 715 Alexandri
1428 698 1499 724 pape
1527 690 1602 717 111111
1627 692 1745 726 quinto,
1774 692 1843 719 VIII
1874 694 2007 721 kalendas
2033 696 2209 729 novembris,

1245 737 1396 764 constituit
1415 746 1534 765 censum
1559 740 1645 766 unius
1663 742 1745 767 uncie
1765 743 1827 769 auri
1848 742 1881 768 ad
1899 743 2011 777 pondus
2035 744 2209 776 Romanum,

1246 786 1416 812 solvendum
1433 788 1516 814 annis
1530 789 1654 823 singulis
1670 790 1772 824 palatio
1790 790 1973 818 Lateranensi
1992 794 2080 825 (aad)
2092 800 2114 820 ⁸.

1287 834 1445 861 Abbatissa
1457 835 1468 853 ³
1490 838 1655 864 monasterii
1671 842 1769 865 sancte
1785 838 1865 865 Clare
1885 839 1994 867 ordinis
2010 842 2101 868 sancti
2122 841 2211 868 Fran·

1238 1007 1263 1037 a)
1279 1009 1311 1030 ln
1327 1016 1346 1029 a
1360 1009 1444 1037 prius
1459 1010 1608 1038 scriplum,
1625 1012 1672 1033 secl
1692 1011 1814 1035 deletum
1832 1014 1926 1041 postea
1941 1022 1948 1035 .·
1961 1012 2023 1037 VllI
2036 1014 2070 1038 kl.
2082 1016 2209 1040 novemb.

1208 1058 1280 1075 anno
1296 1051 1400 1075 domini
1417 1052 1567 1076 Alexandri
1585 1060 1655 1084 pape
1670 1054 1740 1077 ΙΙΙῙ*ἰ
1757 1055 1829 1085 apud
1847 1056 1999 1086 Anagniam
2016 1061 2155 1088 receptum
2171 1061 2213 1082 est

1207 1096 1404 1119 monasterium
1421 1097 1508 1120 sancti
1524 1097 1642 1121 Dionisii
1661 1098 1689 1121 in
1704 1098 1820 1123 Francia
1835 1101 1886 1123 sub
1902 1102 2074 1130 protectione
2091 1102 2213 1126 Romano

1208 1140 1324 1164 ecclesie
1343 1143 1369 1164 ct
1385 1140 1466 1164 debet
1483 1142 1590 1165 solvere
1610 1143 1752 1166 annuatim
1765 1150 1814 1174 pro
1829 1151 1913 1168 censu
1929 1151 2010 1168 unam
2026 1147 2135 1169 unciam
2151 1147 2211 1171 auri

1209 1184 1241 1207 ad
1258 1185 1367 1215 pondus
1382 1192 1535 1209 romanum.

1210 1368 1291 1395 ribus
1305 1373 1333 1395 et
1347 1368 1558 1403 antiquioribus
1575 1369 1710 1396 fratribus
1726 1371 1753 1396 in
1771 1371 1918 1405 presencia
1933 1381 2032 1399 eorum
2049 1374 2104 1400 hoe
2120 1375 2215 1409 ipsum

1209 1418 1299 1451 parati
1322 1417 1440 1443 fuerunt
1458 1419 1568 1452 jurare.
1592 1418 1665 1450 Qui-a
1681 1419 1769 1453 igitur
1785 1419 1914 1446 Romana
1930 1422 2052 1448 ecclesia
2069 1431 2214 1457 nunquam

1209 1467 1360 1492 consuevit
1377 1467 1494 1500 exigere
1511 1466 1560 1492 sed
1579 1468 1675 1502 potius
1695 1469 1790 1502 rogari
1812 1473 1841 1494 ut
1857 1469 1927 1495 alias
1949 1471 2088 1497 ecclesias
2103 1472 2158 1498 sibi
2173 1472 2215 1498 sa-

1209 1518 1288 1541 ceret
1304 1515 1467 1546 censuales,
1485 1524 1536 1541 vos
1553 1520 1581 1542 et
1596 1516 1747 1543 ecclesiam
1761 1522 1884 1544 vestram
1901 1519 1936 1544 ab
1952 1519 2117 1546 huiusmodi
2133 1528 2216 1547 exac-

1210 1564 1288 1590 tione
1314 1564 1492 1590 absolvimus
1515 1569 1542 1591 et
1567 1573 1659 1599 neque
1688 1566 1771 1592 nobis
1795 1570 1845 1592 aut
1865 1568 2087 1595 successoribus
2109 1570 2217 1596 nostris

1211 1613 1266 1639 nisi
1283 1613 1355 1639 forte
1365 1613 1399 1638 de
1411 1613 1526 1647 propria
1537 1613 1682 1639 voluntate
1693 1618 1721 1640 et
1733 1614 1911 1649 beneplacito
1926 1621 2022 1642 vestro
2036 1618 2215 1651 procederet,

1210 1662 1290 1688 huno
1303 1669 1422 1688 censum
1438 1661 1474 1688 de
1490 1666 1585 1688 cetero
1603 1663 1637 1688 ab
1654 1663 1775 1689 ecclesia
1791 1668 1887 1690 vestra
1903 1665 2019 1699 exigere
2035 1666 2132 1697 liceat,
2149 1674 2216 1701 pre-

1210 1711 1285 1736 senti
1299 1711 1408 1744 scripto
1424 1718 1589 1738 censemus,
1605 1710 1708 1737 Datum
1721 1711 1856 1744 Senonis,
1871 1712 1895 1737 V
1906 1713 1972 1740 idus
1985 1714 2111 1741 octobr1s
2122 1715 2218 1749 (1163-

1212 1757 1296 1790 1164;
1313 1757 1448 1791 satie-L,
1465 1766 1496 1785 n⁰
1514 1759 1619 1793 10967).

1249 1809 1273 1834 1.
1292 1808 1517 1834 Safini-Thomas
1532 1809 1568 1834 du
1587 1808 1707 1840 Louwe,
1719 1812 1869 1844 supprime
1880 1813 1895 1837 a
1907 1812 1932 1838 la
1943 1811 2126 1846 Revolution,
2142 1823 2157 1840 a
2172 1816 2218 1841 ete

1212 1856 1315 1882 demoli
1332 1865 1366 1882 en
1388 1857 1449 1883 1811
1470 1865 1542 1890 pour
1564 1857 1606 1883 les
1627 1862 1744 1884 travaux
1760 1859 2035 1893 d'agrandissement
2050 1861 2088 1888 du
2105 1862 2217 1889 Louvre

1211 1905 1320 1939 (Bet-tg,
1340 1906 1522 1938 Topoyraphie
1537 1906 1600 1932 hist.
1613 1907 1649 1932 du
1668 1910 1747 1933 menz
1757 1909 1847 1939 Paris,
1861 1913 1880 1935 1.
1893 1909 1916 1941 Ι,
1929 1918 1956 1944 p.
1974 1910 2029 1942 99).
2045 1909 2146 1938 C'etait
2162 1920 2217 1938 une

1212 1954 1357 1980 fondation
1375 1955 1410 1980 de
1432 1954 1541 1981 Robert
1556 1954 1591 1981 de
1611 1955 1728 1989 Dreux,
1750 1957 1908 1990 quati-ieme
1927 1958 1971 1984 fils
1990 1959 2024 1985 de
2046 1958 2135 1986 Louis
2151 1959 2217 1993 VII,

1212 2003 1341 2029 destinee
1352 2005 1369 2029 εἴ
1384 2002 1543 2029 l’entretien
1555 2003 1590 2029 de
1606 2004 1747 2038 quelques
1763 2004 1920 2039 boui-siens,
1931 2014 2062 2040 pauperes
2073 2008 2216 2034 scholares.

1213 2051 1307 2078 L'acte
1322 2051 1357 2078 de
1369 2051 1515 2078 fondation
1528 2055 1573 2078 est
1583 2052 1680 2086 ρει-(111.
1696 2052 1734 2078 Le
1748 2053 1812 2087 plus
1823 2053 1922 2080 ancien
1938 2054 2092 2081 document
2103 2060 2147 2082 est
2164 2064 2219 2082 une

1213 2100 1288 2126 bulle
1303 2099 1440 2126 d’Urbain
1457 2100 1499 2126 ΙΙΙ
1516 2100 1558 2133 (⁶3¹2
1571 2101 1667 2135 juillet
1686 2101 1819 2133 1186-873
1840 2101 1974 2134 Jaffe-L„
1994 2109 2024 2129 n0
2042 2104 2151 2137 15901),
2169 2105 2219 2138 qui

1213 2150 1350 2176 confirmo
1358 2149 1497 2183 l‘hospice
1508 2149 1543 2175 de
1552 2149 1632 2175 Saint
1646 2149 1771 2176 Thomas
1783 2150 1854 2177 dans
1863 2151 1887 2177 la
1898 2152 2066 2186 possession
2076 2153 2127 2179 des
2137 2153 2220 2179 biens

1213 2199 1263 2233 qui
1279 2199 1317 2225 lui
1334 2202 1383 2224 ont
1397 2200 1442 2224 ete
1454 2197 1596 2224 conferes.
1614 2197 1652 2224 Le
1669 2198 1701 2225 36
1714 2199 1809 2232 juillet
1830 2200 1894 2226 1189
1906 2199 2050 2233 &affe-L„
2066 2208 2095 2227 n⁰
2113 2202 2218 2235 16429),

1214 2247 1342 2273 Cleinent
1366 2246 1417 2278 111,
1440 2248 1455 2272 a
1482 2247 1506 2272 la
1533 2247 1625 2280 priere
1648 2246 1683 2272 dc
1706 2247 1732 2273 la
1753 2256 1844 2274 veui-e
1865 2249 1901 2275 du
1927 2249 2088 2281 fundamur,
2111 2251 2222 2285 prenuit

1214 2296 1324 2330 l'eglise
1344 2295 1379 2321 de
1397 2295 1620 2321 Saint-Thomas
1643 2304 1713 2322 sous
1733 2296 1758 2322 la
1782 2299 1942 2331 protection
1965 2298 2002 2324 du
2025 2298 2220 2334 Saint-Si'egc.

1213 2344 1248 2371 Je
1265 2344 1319 2370 n'ai
1335 2352 1385 2379 pas
1403 2346 1535 2370 retrouve
1551 2344 1575 2369 la
1587 2344 1662 2370 bullc
1672 2343 1840 2371 d'Innocent
1857 2345 1899 2371 111
1915 2348 1930 2371 a
1946 2347 2066 2380 laquelle
2082 2356 2114 2373 se
2131 2348 2221 2374 refere

1214 2395 1251 2420 ici
1265 2394 1289 2419 le
1307 2395 1382 2420 Liber
1394 2394 1538 2419 Censuum.
1552 2392 1597 2419 Un
1612 2401 1678 2428 recu
1690 2394 1727 2420 du
1740 2394 1895 2421 collecteur
1906 2396 2008 2422 Albert
2019 2396 2053 2422 de
2065 2396 2219 2431 Grondola,

1214 2443 1252 2469 du
1273 2442 1300 2468 l?
1316 2441 1426 2477 janvier
1451 2441 1533 2473 1391,
1558 2446 1687 2468 constatc
1703 2442 1733 2468 ›le
1753 2448 1922 2477 payemeut‚
1938 2453 1974 2470 au
1998 2448 2065 2470 taux
2088 2445 2123 2471 de
2145 2446 2221 2472 deux

1215 2492 1313 2517 obolos
1329 2490 1399 2521 d'or,
1418 2498 1490 2524 pour
1510 2490 1542 2516 {S
1565 2499 1618 2517 ans
1640 2491 1730 2517 echus
1753 2496 1781 2517 et
1805 2500 1876 2526 pour
1899 2492 2006 2518 l'annee
2024 2496 2167 2527 presente,
2186 2494 2220 2520 de

1216 2539 1248 2566 58
1265 2539 1364 2564 oboles
1379 2539 1449 2570 d'or,
1468 2539 1525 2564 soit
1544 2539 1572 2564 18
1599 2539 1684 2565 livres
1707 2543 1736 2565 et
1758 2540 1785 2565 17
1808 2548 1877 2565 sous
1895 2541 2034 2567 tournois.
2052 2540 2074 2566 ΙΙ
2091 2545 2221 2568 constate

1217 2596 1253 2614 un
1279 2592 1429 2622 payement
1451 2588 1604 2617 antei-iem,
1631 2586 1752 2614 effectu&
1774 2588 1798 2613 le
1819 2588 1833 2614 2
1853 2588 1918 2621 juin
1946 2588 2025 2619 1264,
2050 2598 2122 2623 pour
2145 2590 2221 2616 deux

1215 2638 1323 2662 annees
1345 2636 1453 2662 ccliucs
1474 2640 1502 2661 ez
1525 2636 1549 2661 la
1570 2638 1703 2669 presente
1722 2636 1859 2670 jusqu‘au
1877 2637 1891 2663 6
1909 2638 2026 2663 octobre
2038 2660 2044 2668 ‚
2061 2639 2106 2664 six
2122 2639 2222 2665 oboles

1215 2685 1286 2718 d’or,
1303 2686 1359 2711 soit
1376 2685 1408 2710 :50
1425 2692 1495 2710 sous
1512 2685 1642 2710 toni-uois
1659 2684 1702 2717 (P.
1722 2684 1825 2716 Fabi-c,
1845 2686 1904 2711 Mel*
1922 2687 1952 2711 (Ie
1976 2687 2069 2712 I'Ecolc·
2084 2687 2114 2712 de
2130 2688 2220 2719 Rome,

1220 2734 1295 2763 1897,
1314 2743 1339 2768 p.
1357 2734 1429 2765 225).

1252 2784 1277 2809 ’2.
1303 2781 1342 2807 La
1367 2781 1440 2806 bullc
1462 2781 1655 2807 &Alexandro
1674 2781 1715 2807 IV
1738 2782 1775 2807 du
1797 2782 1812 2809 9
1832 2783 1949 2808 octobie
1973 2783 2039 2810 1259
2064 2784 2148 2818 (Reg.
2171 2784 2220 2817 25,

1216 2833 1234 2859 f.
1257 2833 1318 2866 3221)
1340 2836 1420 2866 porte
1441 2841 1447 2857 ε
1470 2832 1509 2857 ,id
1526 2832 1658 2857 indicium
1681 2835 1771 2858 autem
1799 2833 1881 2858 huius
1900 2838 2039 2866 perceptae
2059 2843 2075 2860 a
2099 2836 2222 2862 Romana

1215 2883 1324 2906 eeclesia
1338 2881 1482 2912 libertatis,
1502 2887 1583 2905 mmm
1601 2882 1668 2906 aur-i
1685 2883 1794 2906 nnciam
1811 2883 1894 2907 annis
1913 2883 2030 2915 sinyulis
2047 2884 2224 2910 Laterancnsi

1213 2931 1319 2962 palatio
1330 2929 1494 2962 persolvetis.

1252 2979 1277 3005 3,
1294 2977 1333 3003 Le
1350 2977 1511 3003 monastere
1527 2976 1562 3002 de
1578 2976 1797 3012 Longchanips,
1815 2979 1900 3005 fonde
1916 2988 1967 3014 par
1988 2980 2119 3013 lsabe11e‚
2144 2989 2223 3008 soeur
