2392 3571
646 358 696 386 LE
720 358 864 388 LIBER
886 357 1121 388 CENSUUM
1144 358 1199 388 DE
1222 350 1408 392 menso
1433 364 1641 394 ROMAINE.

178 425 212 453 El
227 432 277 461 eqo
292 423 454 453 Biccardus
472 424 642 461 imperialis
657 424 725 452 aule
740 424 927 452 scriniarius
943 424 1021 452 lianc
1034 433 1103 452 car-

139 482 201 506 tam
224 476 258 505 de
274 484 417 505 consensu
439 476 570 513 predicti
590 476 690 504 Jacobi
713 476 823 512 scripsi
842 481 867 503 et
888 476 1034 512 complevi
1053 484 1103 504 ro-

136 534 235 567 yacus.

80 713 208 744 .xxn.
229 729 268 735 —
288 713 541 743 Isswnuussnruu
563 722 602 742 DE
624 721 881 742 ΒΕΝυΝΤιΑΤιοΝΒ
905 721 942 741 E‘r
965 721 1104 741 nervum-

139 774 233 796 ἰ-ιοΝε.
249 775 347 796 FACTA
364 774 481 796 mommo
497 775 573 795 PAPE
589 775 628 795 ET
644 766 795 795 Eccnsssm
811 765 946 795 Rommz
962 775 980 793 A
997 765 1105 795 Pmno

140 828 178 848 ET
202 818 344 848 Nmomo
369 818 531 848 GANnuffl
557 827 652 848 sumen
679 827 811 847 DAMPms
837 826 1107 847 Pnoozm'romnus

142 880 279 902 mmmm
295 880 415 901 ιιιᾼτιε
431 880 462 900 m
479 879 603 900 aui-:mm
624 879 684 905 Qua
705 879 778 901 omn
799 879 943 900 ‘rampone
962 871 1106 899 Amnu-

141 933 191 954 nm
207 933 284 953 PAPE
300 933 373 953 Furr
390 933 484 953 mma
500 932 667 954 Eccnsssmu
683 933 723 953 ET
739 924 893 954 Rommos
909 927 929 952 ¹.

180 1043 217 1071 In
238 1043 360 1071 nomine
380 1042 500 1071 domiui
520 1051 618 1071 amen.
640 1043 727 1071 Anno
751 1043 978 1071 incarnationis
994 1042 1109 1071 Christi

140 1095 304 1124 millesimo
323 1095 469 1124 CC⁰XVII⁰
482 1094 679 1132 pontificatus
695 1095 815 1124 domini
828 1095 958 1124 Honorii
971 1104 1048 1132 pape
1064 1095 1111 1123 III

140 1156 221 1177 anuo
230 1148 333 1185 primo
344 1148 599 1184 mensejttnuarii
610 1148 657 1176 die
670 1153 791 1185 quarta,
811 1148 975 1177 indictione
986 1148 1106 1184 quinta.

140 1201 198 1230 Nos
217 1200 340 1237 quidem
355 1201 463 1229 Petrus
484 1205 510 1229 et
526 1201 675 1238 Nycolaus
701 1201 853 1238 Canclulfi,
874 1201 936 1237 filii
956 1200 1110 1237 quondam

140 1254 248 1290 Anyeli
267 1253 300 1282 de
322 1253 466 1289 Candolfo
481 1258 507 1282 et
524 1254 662 1283 Rusticus
677 1254 763 1290 filius
781 1254 935 1291 quondam
957 1253 1057 1282 Cencii
1076 1253 1111 1281 tle

144 1306 293 1342 Candulso
312 1315 368 1344 pro
389 1306 473 1335 uobis
497 1311 523 1335 et
547 1307 764 1335 successoribus
788 1307 901 1335 nostris
927 1311 952 1335 et
979 1306 1111 1343 qualibet

141 1359 291 1388 submissa
305 1359 349 1387 oel
358 1359 563 1388 submittenda
576 1368 703 1396 persona
716 1359 772 1388 hac
785 1359 832 1387 die
843 1358 1112 1396 presentipropria

140 1416 168 1440 et
187 1416 353 1449 spontanea
372 1412 528 1440 voluntate
549 1413 765 1442 renuntiamus
780 1417 805 1440 et
823 1412 995 1447 refutamus
1013 1411 1107 1446 vobis,

142 1465 277 1494 dominis
291 1465 444 1501 Pandulso
459 1469 485 1494 et
506 1465 664 1494 Sinibaltio
686 1465 806 1494 domiai
823 1473 898 1502 pape
914 1464 1108 1499 camerariis,

139 1518 353 1555 procuratorio
374 1518 497 1546 nominc
523 1518 736 1555 recipientibus
758 1527 813 1555 pro
839 1518 961 1546 domino
980 1517 1113 1546 Honorio

140 1579 217 1608 pape
228 1570 315 1599 tertio
324 1571 446 1607 ejusque
456 1571 673 1600 successoribus
686 1580 752 1599 nom
760 1571 807 1599 ine
814 1571 944 1599 Romane
954 1570 1070 1599 ecclesie
1081 1570 1114 1598 in

141 1628 337 1661 perpetuum,
358 1624 411 1652 lioc
431 1628 472 1652 est
493 1633 579 1652 omne
593 1625 648 1661 jus
664 1629 689 1652 et
706 1632 807 1652 omnes
823 1624 954 1652 actiones
976 1623 1066 1651 utiles
1087 1627 1113 1651 et

144 1676 275 1705 directas
290 1681 316 1705 et
332 1677 516 1713 exceptiones
536 1678 644 1706 tacitas
661 1681 687 1705 et
708 1685 862 1714 expressas
882 1676 960 1713 quod
980 1684 1114 1713 quasque

143 1729 249 1758 hacten
257 1738 290 1757 us
305 1734 409 1758 contra
426 1730 593 1758 Romanam
609 1730 761 1759 ecclesiam
779 1734 804 1758 et
820 1730 902 1758 dictu
910 1739 935 1758 m
953 1729 1019 1758 dom
1027 1729 1114 1757 inum

142 1790 254 1819 papam
281 1782 445 1811 habuimus
470 1783 514 1812 cel
535 1783 678 1812 habemus
702 1792 753 1812 seu
777 1791 931 1820 possemus
955 1782 1065 1810 liaberet
1081 1781 1115 1810 ‘in

146 1839 235 1863 antea
251 1835 457 1872 quoquomodo
470 1844 525 1873 pro
540 1836 684 1873 dampnis
699 1835 773 1864 olim
785 1835 1030 1873 proqcnitoribus
1047 1842 1116 1862 nos-

147 1887 203 1916 tris
218 1892 246 1923 et
261 1887 343 1916 nobis
361 1888 457 1916 illatis
479 1889 510 1917 in
530 1897 643 1926 guerra
663 1897 718 1925 que
740 1893 867 1925 tempore
887 1889 957 1916 bone
973 1887 1116 1916 memorie

146 1940 316 1969 Alexandri
327 1949 403 1978 pape
422 1941 500 1969 inter
515 1946 649 1970 sanctam
667 1942 831 1970 Romanam
850 1941 1003 1970 ecclesiam
1019 1944 1044 1968 et
1060 1940 1116 1967 Ro-

147 2001 275 2022 mauum
289 1994 437 2031 popu-lum
458 1999 523 2023 orta
539 1995 610 2030 suit,
629 1995 801 2032 specialiter
816 1994 850 2022 de
870 1994 1001 2030 quotlam
1020 1997 1117 2021 castro

147 2050 249 2074 nostro
264 2047 348 2075 nobis
363 2046 512 2076 destructo
527 2052 553 2076 et
569 2047 603 2076 de
624 2048 708 2076 mille
728 2048 815 2076 libris
828 2047 1024 2084 prooeusium
1042 2054 1118 2082 quas

145 2106 202 2135 pro
214 2100 486 2136 recompensatione
501 2100 629 2137 dampni
642 2100 773 2138 ejusdem
788 2100 960 2137 petebamus
973 2099 1008 2127 ab
1019 2098 1118 2127 eodem

148 2150 271 2180 domino
284 2161 364 2189 papa
380 2157 405 2181 et
429 2152 464 2181 de
479 2153 563 2181 bonis
581 2154 691 2181 nostris
711 2157 737 2181 et
757 2153 919 2181 hominum
944 2156 1117 2181 nostrorum

148 2204 308 2232 mobilibus
328 2205 363 2233 in
380 2205 477 2233 eodem
500 2210 597 2234 castro
614 2206 737 2234 amissis
756 2210 782 2234 et
803 2205 836 2234 de
858 2206 941 2234 turri
962 2209 1065 2233 nostra
1085 2204 1119 2232 cle

149 2257 297 2286 Gentiano
309 2253 322 2270 ²
338 2259 420 2287 nobis
435 2258 541 2287 diruta
562 2263 587 2287 et
603 2259 754 2288 destructa
770 2264 795 2287 et
811 2259 994 2296 qeneraliter
1011 2258 1045 2286 de
1062 2262 1119 2286 toto

148 2310 282 2348 dampno
297 2319 348 2340 seu
363 2311 543 2340 detrimento
557 2312 636 2348 quod
646 2313 681 2340 in
692 2313 772 2341 dicta
784 2321 895 2349 φαεν-να
910 2313 954 2341 oel
968 2312 1120 2341 occasione

150 2364 249 2401 ipsius
268 2372 375 2401 gyuerre
393 2365 478 2402 passi
495 2365 616 2400 suimus
643 2370 704 2393 tam
726 2366 757 2394 in
777 2366 921 2403 pecunia,
945 2366 1115 2401 frumento,

148 2417 257 2452 armis,
276 2418 369 2454 equis,
383 2418 544 2454 jumentis,
564 2418 681 2447 bubalis
695 2423 722 2447 et
734 2419 808 2447 aliis
822 2419 1011 2447 animalibus
1027 2427 1120 2455 quam

151 2470 186 2498 in
202 2469 361 2498 laboreriis
375 2475 401 2499 et
417 2470 490 2498 aliis
505 2471 685 2507 quibuslibet
700 2471 785 2499 rebus
798 2471 957 2500 mobilibus
969 2475 995 2499 et
1011 2472 1049 2499 im
1057 2479 1120 2499 mo-

149 2522 260 2551 bilibus
274 2531 391 2559 seseque
406 2523 592 2551 mocentibus
605 2528 630 2552 et
646 2524 792 2561 quicquid
805 2525 956 2553 occasione
971 2524 1120 2561 dampno-

150 2719 177 2745 1.
197 2719 213 2745 4
233 2719 347 2753 janvier
369 2720 448 2747 1217.
465 2736 498 2740 —
513 2720 552 2747 Ce
572 2725 638 2747 sont
659 2729 709 2748 ces
729 2721 862 2748 Gandulfi
883 2722 933 2756 qui
956 2725 1006 2748 ont
1028 2721 1122 2748 donn&

2130 367 2186 396 255

1227 435 1294 454 rum
1314 429 1358 455 rel
1373 438 1428 465 pro
1443 431 1515 457 aliis
1537 432 1636 459 causis
1654 441 1702 459 seu
1724 433 1874 459 occasione
1890 434 1935 461 vel
1957 438 2084 470 respectu
2106 434 2187 461 alia-

1227 488 1293 506 rum
1323 490 1422 509 rerum
1457 492 1507 510 nos
1534 484 1577 511 rel
1606 484 1724 511 heredes
1754 485 1796 512 rel
1822 494 1999 513 svn-cessanes
2029 487 2124 513 nostri
2152 487 2187 513 ab

1225 531 1321 559 eodeni
1348 533 1469 561 domino
1492 544 1570 571 papa
1592 540 1617 562 ct
1643 537 1858 563 sneccssarilnts
1883 547 1937 573 pra
1967 538 2028 574 ipsa
2056 539 2186 566 llornana

1225 584 1345 611 ecclesia
1364 594 1454 621 usque
1471 587 1509 614 ad
1525 588 1703 615 hodiernum
1726 589 1802 616 tliem
1821 594 1924 625 petere⁴
1945 591 2060 626 ea'iqere
2079 591 2122 619 cel
2139 592 2188 618 Olt-

1228 635 1322 663 tinere
1337 646 1488 672 possemus
1508 640 1625 667 utiliter
1644 641 1686 667 cet
1702 641 1810 667 tlireele
1833 642 1876 670 cet
1897 652 2042 678 tsst'pt'VSSt'.
2062 652 2188 679 {senera-

1227 687 1298 715 titel·
1316 689 1358 716 ecl
1373 691 1543 726 ¹specialiter
1561 692 1766 729 undecumque
1779 698 1804 721 el
1817 695 2030 731 qualicumque
2047 696 2138 729 morlo,
2158 700 2189 723 ut

1228 739 1363 776 deinceps
1382 746 1441 769 tam
1460 743 1537 770 idem
1556 744 1698 772 (lominus
1719 755 1797 782 [iupa
1820 755 1909 782 qnam
1928 756 2104 775 successores
2126 749 2190 784 eJ'us

1230 793 1351 820 nominc
1366 794 1495 822 Romane
1512 796 1627 823 ecclesie
1652 798 1746 832 quieti
1766 803 1791 825 et
1809 799 1907 833 liberi,
1926 801 2046 835 pat-isici
2061 804 2086 827 et
2104 805 2191 828 tran-

1229 845 1329 879 quittt,
1347 855 1363 873 a
1382 846 1464 873 nobis
1479 852 1504 874 et
1520 848 1676 875 lieretliinis
1692 854 1717 876 et
1733 852 1946 878 sin-cesswa'bus
1964 853 2073 879 nostris
2087 862 2191 889 perpe-

1231 901 1280 924 tuo
1295 897 1416 925 (Iclteant
1429 908 1614 934 permanere.
1635 901 1761 938 Insuper
1778 907 1876 929 autent
1895 905 1992 931 osculo
2007 905 2089 940 pacis
2103 914 2120 930 a
2139 914 2191 932 no-

1229 949 1273 976 bis
1288 951 1485 986 corporaliter
1499 953 1623 988 prestito
1637 958 1841 989 protestamur
1859 956 2007 991 predictas
2022 957 2152 984 actiones
2166 962 2192 985 et

1225 1002 1279 1037 jus
1296 1003 1377 1029 nohis
1392 1009 1557 1039 competens
1572 1006 1651 1033 nulli
1666 1006 1724 1033 alii
1738 1016 1859 1042 persone
1871 1008 1932 1041 fore
1948 1008 2103 1043 dormtum.
2123 1018 2193 1037 con-

1231 1062 1355 1088 cessum,
1370 1056 1548 1083 mandatum
1569 1058 1612 1085 cel
1627 1058 1794 1086 alimentum
1812 1064 1864 1087 aut
1880 1065 2065 1088 contractum
2085 1062 2128 1089 cet
2145 1063 2194 1089 in-

1231 1110 1437 1135 strumentum
1453 1108 1541 1136 aliutl
1563 1109 1597 1137 (le
1618 1111 1774 1146 premissis
1796 1113 1922 1147 quolibet
1945 1112 2028 1140 modo
2047 1122 2104 1141 esse
2124 1122 2194 1141 cou-

1231 1160 1352 1193 sectutn.
1381 1161 1413 1187 tit
1434 1162 1461 1188 si
1484 1161 1588 1197 aliquo
1613 1167 1740 1199 tempore
1762 1169 1882 1200 propter
1906 1165 1957 1192 lun·
1981 1166 2024 1193 rel
2045 1167 2195 1194 occasione

1234 1212 1412 1248 hujusmodi
1427 1214 1570 1242 [lominus
1585 1224 1664 1252 papa
1681 1220 1706 1243 et
1723 1224 1899 1245 successores
1914 1217 1978 1253 ejus
2001 1219 2043 1245 rel
2063 1219 2197 1246 Romana

1233 1265 1353 1293 ecclesia
1364 1266 1530 1303 dampnum
1546 1268 1733 1296 incurrerint
1748 1270 1791 1297 cel
1805 1278 1945 1306 espcnsas
1961 1271 2079 1298 nomine
2091 1271 2160 1299 bonc
2171 1275 2197 1299 el

1235 1317 1368 1354 leqitime
1381 1318 1509 1355 plejarie
1524 1320 1642 1357 sinquli
1660 1321 1688 1349 in
1702 1322 1832 1350 solidum
1846 1323 2011 1358 obliqamus
2027 1332 2077 1350 nos
2088 1328 2113 1350 et
2127 1331 2198 1359 pro-

1234 1371 1389 1398 mittimus
1405 1371 1517 1400 tlictum
1536 1373 1693 1401 (lominum
1709 1383 1819 1411 papam
1836 1380 1861 1403 et
1877 1383 2053 1403 successores
2069 1376 2132 1411 ejus
2148 1384 2199 1403 nos

1238 1424 1412 1461 itulempnes
1427 1425 1534 1453 erinae
1552 1431 1694 1462 perpetuo
1716 1432 1889 1455 servaturos
1904 1433 1929 1455 et
1950 1428 2082 1464 dampna
2103 1433 2128 1455 et
2147 1437 2199 1455 es-

1233 1486 1341 1514 pensas
1372 1477 1456 1514 plene
1486 1483 1729 1514 restauratio-os;
1760 1480 1979 1509 nichilominus
2006 1485 2201 1517 protestantes

1236 1531 1315 1566 quod
1327 1539 1382 1567 pro
1398 1539 1487 1559 causa
1507 1531 1588 1559 dieta
1607 1533 1651 1560 ccl
1668 1533 1784 1561 ratione
1807 1534 1901 1570 ipsius
1917 1542 2003 1561 cause
2019 1543 2035 1561 a
2050 1534 2201 1570 predeces-

1236 1583 1353 1611 soribus
1372 1583 1446 1612 dicti
1466 1584 1585 1612 domini
1601 1594 1676 1622 pape
1696 1589 1721 1613 et
1742 1586 1776 1613 ab
1792 1586 1855 1614 alia
1876 1595 2003 1623 persona
2018 1595 2072 1623 pro
2089 1587 2131 1614 eis
2147 1587 2202 1614 Ro-

1237 1645 1327 1664 mane
1344 1637 1459 1665 ecclesie
1478 1638 1598 1665 nomine
1618 1638 1714 1666 nichil
1737 1647 1870 1675 unquam
1888 1648 1978 1667 causa
1998 1648 2202 1676 recompensa-

1239 1689 1330 1717 tionis
1349 1689 1392 1717 eel
1412 1690 1631 1725 satisfiet-tionis
1650 1690 1754 1719 clatum
1773 1692 1872 1719 ea‘titit
1891 1693 1934 1720 cel
1949 1692 2079 1720 solutum
2096 1700 2202 1728 prosse-

1240 1742 1389 1770 nitoribus
1406 1743 1516 1770 nostris
1535 1743 1578 1771 cel
1596 1744 1678 1771 nobis
1693 1748 1746 1771 (tut
1769 1744 1827 1772 atii
1846 1753 1967 1781 persone
1985 1753 2040 1781 pro
2061 1745 2150 1772 nobis.
2166 1744 2202 1772 Et

1237 1795 1265 1822 si
1280 1795 1383 1831 aliquo
1400 1800 1527 1832 tempore
1542 1805 1631 1833 super
1644 1797 1695 1824 hoc
1714 1797 1949 1825 instrumentum
1969 1797 2093 1833 aliquod
2108 1805 2202 1833 appa-

1239 1848 1337 1875 ruerit
1357 1848 1399 1876 cel
1414 1848 1493 1876 alias
1510 1857 1566 1885 pro
1581 1854 1672 1877 cetero
1688 1850 1854 1877 constiterit
1876 1855 1997 1887 propter
2015 1850 2067 1878 hoc
2083 1849 2203 1886 aliquid

1237 1901 1380 1937 preterito
1403 1905 1531 1938 tempore
1556 1902 1649 1937 fuisse
1677 1902 1820 1937 solutum,
1847 1903 2056 1939 promittimus
2083 1903 2203 1930 nouu'ne

1240 1954 1310 1982 bone
1324 1954 1450 1990 plejarie
1469 1954 1498 1982 nt
1519 1959 1611 1982 totuin
1629 1955 1694 1983 sine
1712 1955 1886 1992 difficultate
1902 1955 2031 1992 qzutlibet
2051 1956 2204 1983 restituere

1240 2011 1265 2035 et
1278 2007 1417 2043 plenarie
1435 2012 1615 2037 restaurare.
1635 2008 1692 2035 Pro
1708 2009 1815 2044 quibus
1830 2009 1968 2036 omnibus
1979 2013 2005 2036 et
2020 2009 2093 2036 aliis
2107 2008 2204 2044 firmi-

1242 2064 1286 2088 ter
1301 2060 1495 2088 observantiis
1509 2061 1612 2088 omniu
1634 2061 1707 2088 bona
1726 2065 1826 2089 nostra
1851 2061 1971 2089 mobilia
1991 2065 2016 2088 et
2037 2061 2205 2089 immobilia

1239 2113 1391 2150 presentia
1413 2117 1438 2140 et
1458 2113 1566 2147 sutura
1595 2113 1673 2141 cobis
1693 2113 1837 2150 predictis
1857 2114 2036 2141 canu¹ruriis
2053 2122 2108 2150 pro
2127 2114 2205 2141 elicto

1241 2166 1307 2194 elom
1316 2167 1364 2194 ino
1379 2175 1456 2203 papa
1473 2170 1498 2194 et
1515 2166 1647 2194 lfomana
1664 2166 1783 2195 ecclesia
1808 2167 2019 2203 recipientibus
2039 2167 2206 2202 obliqamus

1241 2223 1267 2247 et
1287 2218 1386 2247 etulenz
1410 2218 1591 2255 profitemur
1610 2228 1628 2246 a
1651 2219 1729 2247 cobis
1750 2228 1801 2247 nos
1819 2219 1957 2255 precario
1975 2219 2136 2256 possidere,
2160 2228 2206 2246 re-

1244 2272 1421 2299 nuntiantes
1443 2271 1472 2299 in
1495 2272 1548 2300 lum
1563 2272 1649 2308 Juris
1669 2272 1789 2299 itterilio
1804 2272 1944 2300 canonici
1958 2276 1984 2300 et
2001 2272 2102 2299 civilis
2122 2272 2206 2299 omni

1242 2324 1456 2353 consuetudini
1473 2325 1517 2353 cel
1532 2329 1644 2352 statuto
1658 2330 1684 2353 et
1699 2326 1784 2353 omni
1799 2325 1842 2353 rei
1858 2330 1883 2353 et
1894 2325 2058 2362 wceptioni
2069 2334 2124 2361 que
2137 2333 2206 2361 pos-

1243 2383 1306 2406 sent
1325 2377 1411 2414 objiei
1427 2382 1532 2405 eontra
1549 2377 1788 2406 instrumentum
1808 2378 1851 2406 cel
1866 2379 1991 2413 factum.
2005 2378 2089 2406 Hanc
2105 2382 2207 2406 autem

1243 2431 1452 2467 obliyationem
1470 2435 1496 2458 et
1508 2431 1738 2470 promissionem
1755 2431 1887 2466 facimus
1905 2431 1982 2459 cobis
1995 2439 2050 2467 pro
2063 2431 2140 2459 dicto
2154 2430 2206 2459 cto-

1244 2483 1328 2511 mino
1340 2492 1420 2519 papa
1436 2487 1461 2510 et
1477 2483 1610 2511 Romana
1628 2483 1747 2511 ccclesia
1764 2483 1796 2511 in
1810 2488 1986 2520 perpetuum
2000 2483 2072 2519 quia
2085 2491 2137 2511 nos
2153 2491 2207 2511 no-

1246 2536 1326 2563 mine
1352 2536 1450 2572 ipsius
1478 2535 1596 2564 domini
1620 2545 1694 2572 pape
1720 2541 1745 2564 et
1769 2544 1968 2564 successorum
1997 2544 2121 2563 suorum
2151 2543 2207 2572 pro

1244 2589 1376 2616 Romana
1407 2589 1526 2617 ecclesia
1552 2593 1617 2625 post
1645 2590 1755 2623 factum
1787 2593 1813 2616 et
1841 2588 1997 2625 prestitam
2030 2587 2207 2623 hujusmodi

1244 2641 1413 2670 cautionem
1432 2642 1513 2669 nobis
1526 2642 1612 2677 plene
1627 2645 1653 2669 et
1671 2642 1783 2677 inthre
1794 2641 1981 2677 pcrsolcistis
1997 2648 2031 2669 cc
2049 2640 2140 2668 libras
2157 2641 2206 2668 bo-

1245 2702 1352 2723 norum
1372 2694 1618 2730 proveniensium
1635 2698 1766 2721 senatus.
1788 2694 1825 2721 De
1844 2693 1951 2729 quibus
1967 2700 2019 2720 nos
2035 2701 2087 2729 pro
2105 2697 2161 2721 toto
2176 2700 2207 2721 eo

115 2767 177 2794 leui·
191 2775 257 2794 nom
277 2769 294 2794 a
313 2767 409 2795 Castel
432 2768 573 2796 Gandolfo
608 2769 648 2796 Ils
670 2769 816 2796 declarent
835 2770 1021 2796 abaudonner
1042 2773 1122 2796 toute
1244 2747 1322 2783 quod
1336 2747 1506 2783 petebamus
1524 2747 1568 2774 cel
1580 2751 1677 2783 petere
1690 2754 1842 2782 possemus
1857 2746 1892 2773 ab
1907 2754 1937 2773 co
1952 2750 1978 2773 et
1993 2746 2208 2773 successoribus

115 2815 255 2842 demando
269 2815 472 2844 d‘indemnites
487 2826 559 2852 pour
580 2819 622 2845 les
645 2819 814 2853 dommages
836 2819 918 2845 subis
939 2827 989 2853 par
1005 2819 1066 2844 leur
1081 2818 1122 2844 sa-

115 2863 192 2890 mille
207 2864 332 2898 pendant
353 2865 378 2891 la
393 2874 498 2900 guerre
519 2871 599 2893 entre
616 2867 781 2893 Alexandro
798 2867 839 2893 111
862 2871 890 2892 ct
913 2867 955 2893 les
971 2866 1121 2896 Romains,

115 2911 142 2938 le
159 2920 231 2946 pape
253 2911 401 2940 Honorius
416 2913 460 2940 111
474 2919 560 2949 ayant
576 2916 654 2949 rogis}
673 2919 746 2942 cette
762 2916 857 2941 affaire
873 2923 908 2941 en
925 2915 985 2941 leui·
1008 2918 1125 2941 versant

115 2959 168 2987 5200
184 2960 270 2987 {ivn-es
286 2961 435 2996 pcovinois
450 2962 488 2989 du
505 2965 600 2989 sonat.

153 3006 180 3035 2.
197 3007 342 3036 Genzano.

1245 2799 1308 2835 ejus
1324 2799 1358 2827 (lc
1377 2800 1515 2827 munibus
1530 2799 1714 2835 supradictis
1736 2798 1779 2826 rel
1800 2798 1916 2825 ratione
1931 2799 2067 2825 omnium
2088 2798 2206 2834 predic-

1246 2856 1343 2879 torum
1358 2852 1443 2887 plene
1456 2859 1507 2879 nos
1518 2851 1631 2886 quietos
1642 2859 1789 2884 coeamus,
1802 2850 1967 2886 ercelnioni
1981 2859 2037 2877 non
2052 2855 2207 2878 numerate

1242 2903 1368 2939 pecunie
1385 2903 1604 2930 renuntiantes.
1623 2903 1656 2929 Et
1674 2911 1725 2929 nos
1740 2910 1793 2938 pro
1811 2902 1891 2930 nobis
1910 2903 2077 2939 nostrisque
2093 2902 2207 2930 heredi-

1246 2956 1299 2983 bus
1318 2959 1343 2982 et
1367 2955 1582 2983 successoribus
1594 2955 1805 2991 promittimus
1823 2955 1901 2982 robis
1919 2964 1973 2991 pro
1992 2954 2069 2983 (licto
2085 2954 2208 2983 domino

1244 3016 1323 3044 papa
1342 3012 1367 3035 et
1384 3007 1516 3035 Romana
1533 3008 1652 3035 ccclesia
1673 3008 1803 3044 leyitimc
1823 3008 2040 3044 stipulantibus
2060 3008 2138 3035 lianc
2162 3016 2208 3036 re-
