2392 3571
168 372 223 401 158
708 367 758 396 LE
782 365 926 394 LIBER
949 359 1184 392 CENSUUM
1208 359 1262 388 DE
1285 348 1471 388 L'EGLISE
1494 358 1704 389 ROMAINE.

246 436 386 466 Ecclesia
410 434 509 463 sancti
534 432 665 462 Martini
687 432 725 460 de
741 429 949 459 Winicharw
967 437 975 457 1
992 425 1167 456 maraboti-

205 498 296 518 num.

244 539 386 570 Ecclesia
402 539 440 568 de
457 537 640 568 Guividilin
652 539 664 556 ²
681 545 714 565 111
730 543 879 565 aureos·.

243 592 394 629 Hospitale
410 591 442 619 (le
460 591 630 626 Thureyum
648 597 657 617 1
674 596 803 617 aureum
815 588 838 615 ⁸.

242 644 372 671 Ecclesia
385 643 476 669 sancti
490 641 614 669 Amandi
627 641 656 667 in
668 640 764 667 Urach
773 639 783 658 ⁴
796 639 1028 666 constantiensis
1041 637 1168 664 diocesis

204 693 315 719 noviter
340 700 389 726 per
414 691 519 717 bullam
542 690 650 717 domini
678 689 759 715 Pauli
785 696 856 723 pape
882 687 910 714 11
934 687 963 713 in
988 686 1167 721 collegiatam

205 744 309 772 erecta,
326 739 380 766 sub
396 739 454 766 dat.
471 738 564 765 Rome
579 741 680 764 octavo
699 736 834 763 kalendas
855 736 953 770 aprilis
975 743 1050 762 anno
1066 735 1167 769 quinto

203 793 231 815 et
250 789 278 816 in
298 796 410 815 camera
430 787 589 822 apostolica
609 786 790 820 registi-atam
813 784 898 811 debet
919 784 1031 810 solvere
1055 791 1167 810 camere

203 836 358 871 apostolice
381 836 489 862 ratione
511 834 703 869 exemptionis
723 841 738 859 a
756 832 959 867 Jurisdietione
977 831 1121 858 ordinaria
1140 835 1168 858 et

202 883 396 919 susceptionis
412 883 438 909 in
456 881 663 917 protectionem
680 881 758 908 sedis
772 880 928 916 apostolice
940 883 968 906 et
978 879 1102 914 singulis
1116 888 1167 907 an—

203 933 248 960 nis
263 934 291 959 in
308 933 381 959 sesto
397 931 543 958 beatorum
560 930 753 965 apostolorum
771 929 848 955 Petri
864 932 892 955 et
908 928 988 955 Pauli
1005 936 1091 955 unam
1113 937 1167 955 un—

202 982 274 1008 ciam
291 981 353 1007 auri
369 980 443 1014 puri.
459 979 506 1006 Jo.
523 979 665 1010 Gerones,
682 978 717 1004 de
732 977 865 1004 mandato
884 977 944 1012 (1-2).

242 1029 355 1056 Nobilis
366 1030 409 1056 vir
420 1029 448 1055 d.
460 1027 661 1055 Eberhardus⁵
674 1028 701 1054 in
714 1026 886 1060 Visterberg
897 1029 924 1052 et
935 1025 1166 1060 Montisbilgardi
1188 1034 1191 1037 ·

202 1086 300 1105 comes
317 1082 344 1104 et
360 1079 425 1112 ejus
440 1084 628 1103 successores
643 1075 767 1110 singulis
783 1075 866 1101 annis
883 1075 910 1101 in
928 1075 1000 1101 festo
1016 1074 1165 1101 beatorum

202 1126 279 1153 Petri
295 1129 323 1153 et
339 1125 419 1152 Pauli
434 1125 629 1160 apostolorum
646 1123 773 1158 predicto
790 1126 903 1149 tenetur
923 1123 1033 1149 solvere
1053 1130 1165 1148 camere

201 1175 358 1210 apostolice
375 1174 482 1200 ratione
498 1172 696 1199 concessionis
712 1175 740 1198 et
756 1170 960 1197 infeudationis
975 1170 1163 1204 quorumdam

201 1226 377 1254 castrorum,
397 1221 526 1248 villarum
548 1220 718 1255 oppidorum
734 1222 762 1245 et
777 1219 945 1253 vilagiorum
962 1217 1165 1244 Constantien-

200 1272 242 1298 sis
257 1274 285 1298 et
300 1271 447 1305 Spirensis
463 1269 588 1296 diocesis
604 1277 654 1303 per
670 1268 766 1295 sedem
783 1267 968 1302 apostolicam
989 1275 1039 1301 per
1060 1267 1163 1293 bullam

201 1329 226 1347 s.
250 1319 357 1346 domini
383 1318 473 1345 nostri
500 1317 527 1345 d.
553 1317 632 1343 Pauli
656 1325 727 1352 pape
751 1316 793 1347 11,
818 1316 873 1342 sub
898 1315 955 1342 dat.
976 1315 1069 1341 Rome
1090 1323 1164 1341 nono

200 1367 334 1394 kalendas
350 1367 416 1393 maii
431 1374 506 1392 anno
522 1367 621 1400 quinto
644 1366 685 1391 eis
706 1365 777 1391 facte
793 1364 865 1390 duas
884 1365 982 1389 uncias
1005 1363 1066 1389 auri
1089 1364 1163 1398 puri.

198 1416 245 1443 Jo,
262 1416 402 1447 Get-ones,
420 1414 454 1440 de
470 1414 601 1440 mandato
617 1413 678 1447 (r2).

241 1464 353 1490 Nobilis
379 1463 482 1489 mulier
506 1461 662 1488 Mechtillis
676 1460 688 1478 ὅ
707 1460 906 1487 archiducissa
926 1460 1046 1486 Austrie
1071 1459 1164 1494 quoad

200 1512 303 1538 vixerit
319 1514 432 1537 tenetur
447 1510 558 1537 solvere
573 1517 684 1536 camere
705 1509 860 1544 apostolice
883 1508 1008 1542 singulis
1028 1508 1113 1534 annis
1134 1508 1163 1534 in

199 1561 276 1588 dicto
297 1561 370 1586 sesto
395 1559 589 1593 apostolorum
616 1558 808 1593 predictorum
832 1557 941 1583 ratione
964 1555 1164 1582 concessionis

200 1609 273 1635 facte
285 1608 465 1634 nonullorum
481 1610 641 1633 castrorum
656 1605 892 1633 Constanciensis
906 1605 1031 1631 diocesis
1046 1607 1074 1630 et
1091 1611 1163 1630 nove

190 1774 213 1803 a)
231 1775 412 1798 Obliteratum
431 1775 459 1797 in
475 1776 513 1797 A.

195 1950 218 1975 1.
236 1949 410 1984 Repetition.
428 1947 502 1983 Voy.
520 1956 592 1983 page
611 1947 671 1978 156,
688 1947 742 1974 col.
760 1947 786 1981 ἰ),
803 1950 869 1974 note
885 1947 909 1973 5.

191 1998 218 2024 ἱ).
234 1997 392 2024 Inconnue.

193 2046 218 2073 3.
236 2045 274 2071 Le
291 2044 322 2071 13
337 2045 392 2070 mai
410 2044 487 2078 1204,
500 2053 549 2079 par
563 2053 618 2070 une
629 2044 704 2070 bulle
716 2043 850 2070 adi-essee
862 2053 874 2067 α
885 2044 978 2077 priori
988 2046 1011 2069 et
1023 2044 1162 2076 fratribus

158 2094 299 2127 hospitalis
315 2093 345 2118 tle
362 2093 530 2126 Thureyuno,
545 2103 558 2118 n
577 2093 717 2119 Innocent
732 2092 774 2119 111
789 2093 899 2128 prenait
920 2100 990 2119 sous
1006 2093 1031 2119 la
1048 2095 1162 2127 protec-

157 2142 216 2169 tion
233 2141 269 2167 du
287 2141 469 2175 Saint-Siege
485 2141 609 2176 l¹h0pital
626 2141 729 2175 auquel
746 2141 781 2167 ils
798 2142 904 2168 etaient
919 2141 1048 2168 attaches
1069 2144 1097 2167 et
1112 2141 1161 2176 qui

156 2189 231 2217 avait
248 2191 292 2215 ete
307 2189 391 2215 fonde
410 2198 459 2223 par
478 2189 502 2215 le
522 2189 577 2216 duc
597 2189 631 2215 de
654 2189 815 2223 Zabi-ingen
842 2189 993 2222 (Potthast‚
1017 2195 1048 2216 n‘·
1069 2189 1159 2223 2206).

157 2237 212 2264 Les
227 2237 357 2263 derniers
373 2237 500 2273 editeurs
515 2238 549 2264 de
563 2241 636 2264 cette
649 2238 728 2272 piece
743 2237 862 2271 (Est-her
877 2242 905 2265 et
921 2238 1094 2270 Schweizer,
1110 2239 1161 2265 [Ir-

157 2285 335 2311 kunclenbuch
355 2286 404 2311 der
424 2286 502 2312 Stadt
521 2287 579 2312 und
600 2287 765 2320 Landschaft
780 2287 892 2317 luridi,
910 2290 929 2313 t.
948 2286 970 2319 Ι,
988 2295 1016 2321 p.
1032 2287 1095 2320 240)
1112 2290 1162 2314 out

156 2335 246 2369 pense
262 2334 329 2368 qu'il
346 2342 380 2360 ne
396 2334 541 2368 s‘agissait
559 2335 703 2369 peut-etro
724 2343 775 2370 pas
793 2335 827 2361 de
844 2335 969 2370 l’hOpital
985 2335 1020 2362 de
1044 2335 1160 2368 Zurich‚

155 2382 228 2408 mais
244 2381 315 2408 c'est
330 2383 344 2407 a
360 2386 426 2409 tort.
443 2382 480 2408 La
498 2383 586 2409 forme
602 2383 709 2409 sautive
726 2394 738 2406 «
757 2384 918 2417 Thureqano
937 2395 950 2408 u
973 2387 1018 2410 est
1034 2384 1162 2411 d'autant

155 2430 250 2456 moins
264 2431 278 2456 a
294 2430 460 2457 considerer
476 2439 531 2465 que
547 2432 572 2457 le
589 2433 665 2458 Liber
681 2433 815 2459 Censuum
833 2436 913 2467 porte
931 2443 942 2455 «
963 2433 1129 2466 Tliureyum.
1147 2444 1159 2457 η

156 2477 251 2510 Quant
266 2487 300 2505 au
318 2479 373 2505 duc
389 2479 548 2511 fondateur,
565 2481 635 2507 c'est
651 2481 676 2506 le
691 2480 746 2507 duc
761 2481 837 2507 alors
852 2481 960 2513 vivant,
981 2481 1116 2508 Berthold
1137 2480 1161 2508 V

155 2526 189 2553 do
207 2527 378 2562 Zabi-ingen.

189 2575 215 2601 4.
234 2575 339 2609 Urach,
358 2585 392 2603 au
413 2577 558 2604 confluent
578 2578 612 2604 de
633 2578 735 2605 l'Erms
755 2582 783 2605 et
801 2578 836 2604 de
856 2578 977 2605 l‘Elsacb
999 2578 1162 2612 (Schwarz-

153 2623 348 2657 wald—Krois,
375 2634 410 2651 en
435 2625 653 2661 VVurtemberg.
682 2626 720 2652 La
745 2627 821 2652 bulle
846 2626 880 2652 de
908 2626 976 2652 Paul
1000 2625 1027 2652 ΙΙ
1053 2630 1098 2653 est
1122 2627 1160 2653 du

154 2671 186 2698 24
202 2673 373 2707 mars11460.
389 2689 422 2693 —
439 2674 509 2701 Jean
525 2675 559 2700 de
578 2675 695 2708 Girone,
712 2675 852 2701 cbanoine
872 2674 906 2700 de
931 2674 1108 2701 Saint-Felix
1125 2675 1160 2701 de

153 2719 260 2746 Girone
276 2722 406 2756 e1131467,
423 2723 531 2749 notaire
547 2723 580 2749 de
597 2723 622 2749 la
638 2722 779 2749 Chambre
800 2723 825 2748 le
848 2723 879 2749 17
903 2723 1067 2757 septembre
1092 2724 1160 2751 1468

154 2768 437 2803 (Mai‘ini‚2.11rcltz'at7'i
450 2773 581 2806 pontifici,
599 2776 619 2806 t,
636 2771 674 2805 11,
690 2781 718 2806 p.
733 2771 796 2805 ζ239,
815 2775 880 2798 note
897 2771 934 2804 2).

190 2817 215 2842 5.
232 2816 357 2843 Eberm'd
376 2818 399 2843 V
417 2819 441 2845 lo
458 2819 570 2854 Bai-bu,
587 2823 681 2846 comte
697 2820 730 2846 de
746 2819 957 2853 Wurtemberg
978 2823 1006 2846 et
1028 2819 1160 2847 Montbe-

154 2863 224 2890 liard
239 2865 385 2899 (1457-96),
404 2882 436 2886 -—-
454 2867 493 2893 La
508 2868 583 2894 bulle
600 2868 633 2894 de
650 2868 719 2894 Paul
735 2867 762 2894 ΙΙ
779 2872 822 2894 est
839 2868 876 2894 du
893 2867 926 2894 ί23
943 2868 1012 2894 avril
1030 2868 1106 2896 1469.

192 2912 218 2939 6.
236 2912 379 2945 mathilde,
398 2915 451 2941 fille
466 2916 603 2950 defiLouis
619 2916 672 2950 III,
689 2920 781 2943 comte
793 2916 909 2951 palatin,
921 2915 1028 2942 mariee
1045 2925 1078 2943 en
1093 2917 1159 2944 1445

154 2960 171 2986 ὲ
185 2960 285 2987 Albert
302 2961 351 2992 VI,
371 2963 426 2989 duc
442 2964 621 2996 d'Autriche,
639 2965 686 2999 qui
699 2965 795 2991 devint
811 2963 947 2990 archiduc
962 2972 997 2990 en
1016 2964 1092 2997 1453,
1110 2974 1161 3000 par

155 3007 300 3035 l'erection
313 3010 347 3035 du
359 3010 450 3037 duchi'·
460 3012 627 3039 d'Autriche
637 3021 671 3039 en
682 3013 864 3044 archiduche,
873 3016 900 3039 et
909 3016 1026 3039 mourut
1035 3021 1069 3039 en
1082 3013 1157 3041 1463.

1290 423 1495 450 infeudationis
1510 423 1678 450 eorumdem
1694 427 1853 450 castrorum
1865 432 1916 458 per
1928 423 2033 450 bullam
2045 423 2152 450 domiui
2164 423 2256 458 Pauli,

1289 471 1344 498 sub
1364 472 1421 505 (sic)
1438 471 1531 498 Rome
1552 479 1628 498 nono
1648 471 1703 499 kal.
1725 471 1791 498 maii
1811 479 1886 498 anno
1909 471 2010 506 quinto
2031 471 2162 506 eJusdem
2182 471 2256 498 facte

1289 528 1375 547 unam
1399 520 1512 547 unciam
1534 520 1597 546 auri
1618 520 1691 555 puri.
1716 533 1751 540 —
1772 519 1820 548 Jo.
1837 519 1967 547 Ger-ones
1987 520 2023 547 de
2044 519 2178 547 mandato
2194 520 2255 555 (Μ).

1250 660 1286 690 ΙΝ
1302 668 1490 690 ssrlscom'ru
1506 659 1670 690 Cunmnsx.

1330 712 1564 742 Monasterium
1591 715 1699 742 sancte
1723 712 1826 742 Mario
1852 712 1887 742 in
1913 713 2022 743 Monte
2044 722 2053 742 1
2079 713 2257 743 marabuti-

1289 773 1369 794 num
1382 765 1403 794 ¹.

1249 909 1287 939 IN
1303 917 1493 939 EPISCOPATU
1510 909 1759 938 Arxama-mensu

1329 961 1564 991 Monasterium
1581 964 1766 991 sanctorum
1785 960 1909 999 Philipi
1930 963 1960 991 et
1978 960 2092 992 Jacobi
2111 961 2146 991 iu
2168 961 2256 992 Silva

1290 1022 1379 1044 sacra
1395 1022 1404 1043 1
1420 1013 1665 1043 marabutinum
1675 1015 1698 1042 ².

1328 1065 1562 1096 Monasterium
1585 1065 1780 1096 Monialiurn
1801 1066 1835 1095 in
1857 1065 1983 1096 Andala
2003 1065 2133 1097 subtilis
2154 1066 2256 1105 panni

1287 1118 1367 1148 linei
1383 1118 1554 1148 annuatim
1572 1127 1632 1148 xxv
1648 1118 1743 1148 ulnas
1754 1120 1776 1148 ³.

1284 1268 1307 1294 1.
1324 1268 1494 1303 Mariaberg,
1516 1268 1588 1295 dans
1608 1269 1633 1294 la
1654 1268 1742 1294 vallee
1762 1269 1931 1303 superieure
1955 1268 1990 1295 de
2011 1268 2125 1304 l’Adige
2145 1269 2256 1304 (Miins—

1247 1316 1339 1348 tertal,
1356 1319 1459 1342 canton
1480 1315 1531 1342 des
1552 1316 1693 1351 Grisons).
1719 1315 1764 1343 Un
1788 1316 1912 1351 diplome
1933 1316 1967 1343 de
1990 1315 2125 1344 Frederic
2148 1317 2256 1344 Barbe-

1247 1373 1358 1396 rousse,
1376 1364 1413 1391 du
1431 1365 1462 1391 18
1479 1365 1596 1392 octobre
1617 1365 1694 1396 1168,
1708 1368 1842 1400 rapporte
1854 1364 1985 1400 qu'Ulric
1997 1365 2032 1392 de
2042 1365 2167 1400 Traspes
2180 1365 2257 1393 avait

1246 1412 1341 1439 donne
1356 1414 1371 1438 a
1388 1411 1596 1440 Sainte-Marie
1612 1415 1642 1439 in
1657 1414 1746 1439 Monte
1763 1423 1776 1438 α
1792 1414 1928 1440 allodium
1943 1422 2026 1440 suum
2046 1415 2125 1440 libere
2140 1417 2164 1441 el
2179 1415 2257 1442 abso-

1247 1460 1302 1486 lute
1321 1461 1420 1493 absque
1441 1462 1517 1487 omni
1537 1462 1666 1488 heredum
1680 1464 1850 1495 presentium
1870 1471 1916 1488 seu
1936 1463 2100 1495 futurorum
2121 1464 2257 1490 reclama-

1246 1510 1327 1535 tione.
1352 1509 1381 1534 [Jt
1401 1512 1491 1535 autem
1508 1510 1666 1536 donationis
1686 1510 1769 1544 hujus
1790 1511 1905 1537 iraditio
1928 1511 1958 1537 in
1978 1519 2065 1537 aevum
2086 1511 2257 1538 stabiliorem

1245 1557 1343 1583 habeat
1354 1564 1511 1590 processum
1526 1560 1550 1584 et
1569 1558 1681 1584 liberior
1688 1560 1819 1591 persistat
1831 1558 1955 1592 predicta
1970 1559 2042 1585 beate
2052 1559 2099 1585 Dei
2112 1560 2256 1592 qenitricis

1245 1606 1353 1631 ecclesia
1369 1607 1488 1639 sinyulis
1504 1607 1587 1632 annis
1604 1607 1682 1632 Rome
1697 1613 1780 1639 super
1798 1607 1888 1632 altare
1909 1607 1980 1632 beati
1999 1607 2074 1633 Petri
2094 1607 2256 1640 byzantium

1241 1654 1384 1686 persolvet,
1402 1653 1437 1679 ad
1458 1655 1565 1686 insigne
1585 1653 1669 1687 huJus
1692 1654 1828 1680 libertatis
1848 1654 1943 1680 stabili
1964 1655 2096 1681 memoria
2117 1662 2256 1682 commen-

1244 1701 1368 1728 dandum
1390 1712 1403 1726 n
1425 1701 1593 1735 (Eichhorn,
1620 1702 1797 1735 Episcopatus
1820 1702 1960 1729 Gariensis
1988 1703 2019 1728 in
2047 1703 2160 1735 Rhaetz‘a,
2191 1703 2256 1731 cod.

1243 1750 1362 1784 probat„
1380 1757 1411 1776 no
1425 1749 1501 1781 LIV,
1515 1759 1542 1785 p.
1559 1750 1614 1783 60).
1627 1749 1665 1776 Le
1679 1750 1710 1777 18
1722 1750 1840 1777 octobre
1856 1750 1922 1777 1178
1939 1749 2082 1783 &affe-L..
2099 1756 2130 1777 n⁰
2148 1750 2254 1785 13108),

1244 1798 1270 1824 le
1286 1799 1449 1824 monaster-e
1464 1798 1533 1824 etait
1549 1797 1609 1832 pris
1624 1806 1675 1833 par
1687 1797 1853 1825 Alexandre
1867 1797 1911 1824 III
1926 1806 1997 1825 sous
2008 1799 2034 1825 la
2046 1799 2206 1834 protection
2217 1799 2256 1826 du

1245 1846 1441 1881 Saint-Siege,
1457 1850 1485 1873 et
1500 1847 1526 1873 le
1541 1855 1614 1882 pape
1629 1847 1750 1881 ajoutait
1769 1858 1774 1873 :
1793 1857 1806 1870 α
1821 1848 1862 1874 Aa
1873 1848 2010 1874 indicium
2026 1848 2110 1881 huJ'us
2126 1848 2159 1874 ab
2173 1855 2255 1881 apos-

1245 1895 1326 1922 tolica
1341 1895 1399 1921 sede
1410 1898 1539 1929 perceptae
1550 1897 1727 1929 protectionis
1743 1896 1906 1929 byzantium
1924 1903 2012 1922 unum
2032 1898 2114 1923 annis
2136 1897 2255 1930 sinqulis

1244 1944 1320 1970 nobis
1335 1946 1489 1977 nostrisque
1502 1945 1699 1970 successoribus
1712 1945 1879 1978 persolvetis.
1898 1955 1911 1969 ι)

1280 1991 1304 2018 2.
1323 1991 1478 2027 Walburg,
1499 2001 1534 2019 au
1552 1992 1624 2019 nord
1639 1993 1674 2019 de
1690 1992 1852 2028 Haguenau
1870 1993 2009 2027 (Alsace).
2033 1992 2072 2019 Le
2092 1993 2256 2020 monaster-e

1243 2040 1329 2067 fonde
1342 2048 1377 2067 en
1394 2040 1545 2068 l’honneur
1559 2041 1611 2067 des
1628 2042 1720 2068 saints
1736 2042 1852 2076 upon-es
1864 2041 1996 2077 philippe
2005 2045 2034 2068 et
2043 2041 2171 2076 Jacques
2182 2045 2210 2068 et
2220 2040 2255 2068 de

1243 2089 1335 2116 sainte
1352 2088 1526 2125 Walburge,
1544 2098 1557 2114 (ι
1572 2091 1602 2115 in
1618 2089 1707 2116 alodio
1722 2097 1771 2116 suo
1793 2091 1824 2116 in
1842 2089 1897 2116 loco
1917 2091 1967 2123 qui
1986 2089 2073 2116 Sacra
2089 2090 2166 2117 Silva
2184 2090 2256 2116 dici·-

1244 2141 1301 2173 tur,
1319 2149 1331 2163 »
1349 2146 1400 2171 par
1415 2138 1560 2171 Frederic,
1577 2138 1633 2164 duc
1649 2138 1795 2170 d'Alsace,
1813 2139 1889 2165 avait
1904 2140 1950 2165 ete
1969 2138 2050 2165 offert
2071 2146 2121 2173 par
2141 2137 2180 2165 lui
2198 2148 2211 2162 α
2228 2139 2254 2166 b.

1243 2189 1321 2214 Petro
1335 2190 1359 2214 et
1375 2189 1432 2221 eJ'us
1446 2190 1544 2214 sanctae
1558 2188 1685 2215 Romanae
1699 2188 1812 2213 ecclesiae
1828 2188 1877 2213 sub
1898 2188 1985 2214 unius
2000 2189 2080 2214 aurei
2098 2195 2180 2214 censu
2202 2194 2255 2213 αη-

1243 2244 1307 2269 nuo,
1322 2247 1334 2261 »a
1347 2239 1375 2263 et
1390 2236 1415 2262 le
1430 2244 1501 2271 pape
1515 2235 1637 2263 Paschal
1647 2235 1674 2262 Il
1686 2235 1782 2263 s'etait
1792 2237 1953 2271 empresse‚
1966 2243 2017 2262 sur
2027 2235 2052 2262 la
2063 2234 2204 2262 demanda
2215 2234 2255 2262 du

1243 2285 1300 2312 duc
1314 2285 1460 2317 Frederic,
1477 2284 1512 2312 de
1527 2285 1553 2311 le
1567 2285 1691 2320 prendre
1707 2293 1778 2312 sous
1794 2285 1820 2312 la
1835 2285 1996 2320 protection
2013 2284 2051 2311 du
2067 2283 2254 2319 Saint-Siege

1243 2333 1286 2369 (26
1300 2334 1370 2360 avril
1386 2334 1468 2367 11023
1484 2333 1614 2368 Jaffe-L.,
1629 2340 1659 2360 n⁰
1673 2333 1762 2366 5916).
1781 2333 1819 2360 Le
1832 2332 2085 2368 &jannei-1121,
2101 2331 2212 2359 Calixte
2225 2331 2254 2358 11

1242 2383 1405 2410 confir-mail
1420 2383 1502 2409 l'acte
1519 2382 1554 2408 de
1569 2390 1621 2409 son
1638 2382 1848 2417 predecesseur
1863 2381 2006 2415 (desse-L„
2022 2387 2054 2408 n⁰
2068 2381 2160 2414 6891).

1279 2432 1303 2459 3.
1321 2431 1454 2463 Andiau,
1476 2439 1528 2457 sur
1543 2431 1569 2457 la
1586 2431 1689 2457 riview
1707 2430 1745 2457 du
1766 2431 1859 2457 meme
1880 2439 1964 2463 nom,
1985 2438 2020 2457 au
2043 2429 2203 2456 sud-uuest
2217 2428 2253 2455 de

1243 2480 1429 2515 Strasbourg.
1446 2479 1494 2506 Un
1511 2479 1636 2514 diplome
1652 2479 1687 2506 de
1701 2479 1821 2506 Charles
1835 2479 1861 2506 le
1876 2479 1961 2511 Gros,
1979 2478 2017 2506 du
2034 2478 2066 2506 19
2081 2478 2186 2505 fevrier
2201 2477 2252 2505 884

1242 2528 1596 2564 (Bohmer-Mnhlbacher,
1621 2529 1729 2561 Reyesla
1746 2529 1871 2562 imperii,
1891 2533 1921 2554 n⁰
1944 2527 2033 2561 1635),
2049 2526 2176 2562 rappelle
2196 2534 2253 2561 que

1242 2577 1444 2612 l'imperatrice
1472 2576 1619 2603 Richarde
1644 2578 1845 2603 monasterium
1866 2577 2028 2610 puellarum
2052 2575 2123 2609 quod
2146 2575 2252 2601 dicitur

1241 2627 1323 2654 Eleon
1339 2628 1369 2653 in
1381 2627 1549 2661 proprietate
1563 2633 1615 2652 sua
1629 2628 1746 2659 paterna
1761 2633 1778 2651 a
1794 2625 1974 2658 fundamento
1990 2625 2153 2657 construxit,
2171 2625 2254 2657 atque

1242 2676 1313 2701 illud
1329 2677 1423 2701 nostra
1438 2676 1604 2701 concessione
1621 2676 1650 2700 in
1665 2674 1818 2707 defensione
1837 2675 1861 2700 b.
1877 2675 1960 2705 Petri,
1983 2673 2156 2700 adstantibus
2176 2672 2252 2699 nobis

1241 2727 1304 2750 ante
1319 2724 1513 2757 confessionem
1528 2724 1552 2751 b.
1569 2724 1644 2749 Petri
1661 2723 1791 2757 apostoli,
1814 2725 1994 2754 concesserat,
2017 2723 2057 2748 ita
2079 2721 2202 2748 videlicet
2221 2723 2252 2747 ut

1237 2774 1298 2805 post
1318 2773 1375 2805 eJ‘us
1391 2771 1536 2797 discessum
1553 2771 1583 2796 in
1595 2771 1712 2804 propria
1727 2770 1852 2796 electione
1872 2772 2008 2796 constaret
2028 2769 2078 2795 sub
2096 2768 2252 2801 defensione

1242 2820 1266 2847 ἱ).
1284 2821 1358 2846 Petri
1375 2820 1492 2846 inlesum
1508 2821 1588 2852 atque
1602 2819 1755 2851 defensum.
1774 2827 1787 2842 n

1277 2868 1323 2895 Un
1340 2868 1465 2903 diplOme
1479 2867 1514 2894 de
1528 2867 1615 2893 Louis
1626 2866 1750 2893 l'Enfant
1760 2865 2113 2901 (Bohmer-Miihlbacher,
2127 2871 2157 2891 n⁰
2168 2863 2250 2896 2006>

1241 2925 1314 2952 pour
1329 2916 1457 2950 l'abbaye
1478 2916 1622 2942 d'Andlau
1638 2916 1735 2949 aj0ute
1751 2922 1807 2949 que
1829 2914 1972 2940 Rieharde
1992 2914 2068 2940 avait
2084 2913 2191 2947 stipulo
2211 2919 2249 2938 un

1240 2973 1310 2991 cens
1326 2965 1431 2991 annuel
1444 2973 1448 2995 ;
1468 2964 1540 2990 mais
1555 2972 1588 2990 ee
1604 2964 1728 2998 diplome
1745 2966 1789 2989 est
1802 2963 2011 2989 certainement
2026 2961 2201 2997 apocrypho.

1276 3013 1317 3039 En
1337 3013 1422 3047 1049,
1440 3013 1464 3038 le
1480 3020 1552 3047 pape
1568 3011 1644 3038 Leon
1661 3010 1721 3042 IX,
1737 3011 1786 3045 qui
1803 3011 1898 3037 venait
1912 3010 1946 3037 de
1963 3018 2116 3037 consecrer
2131 3009 2156 3035 la
2173 3016 2248 3035 nou-
