<?xml version="1.0" encoding="UTF-8"?>
<!DOCTYPE html PUBLIC "-//W3C//DTD XHTML 1.0 Transitional//EN"
    "http://www.w3.org/TR/xhtml1/DTD/xhtml1-transitional.dtd">
<html xmlns="http://www.w3.org/1999/xhtml" xml:lang="en" lang="en">
 <head>
  <title>
</title>
<meta http-equiv="Content-Type" content="text/html;charset=utf-8" />
  <meta name='ocr-system' content='tesseract 3.04.00' />
  <meta name='ocr-capabilities' content='ocr_page ocr_carea ocr_par ocr_line ocrx_word'/>
</head>
<body>
  <div class='ocr_page' id='page_1' title='image "./lelibercensuumde02fabruoft_0161.png"; bbox 0 0 2476 3581; ppageno 0'>
   <div class='ocr_carea' id='block_1_1' title="bbox 41 882 66 901">
    <p class='ocr_par' dir='ltr' id='par_1_1' title="bbox 41 882 66 901">
     <span class='ocr_line' id='line_1_1' title="bbox 41 882 66 901; baseline 0 0"><span class='ocrx_word' id='word_1_1' title='bbox 41 882 66 901; x_wconf 75' lang='lat'>¹0</span> 
     </span>
    </p>
   </div>
   <div class='ocr_carea' id='block_1_2' title="bbox 43 1237 67 1256">
    <p class='ocr_par' dir='ltr' id='par_1_2' title="bbox 43 1237 67 1256">
     <span class='ocr_line' id='line_1_2' title="bbox 43 1237 67 1256; baseline 0 0"><span class='ocrx_word' id='word_1_2' title='bbox 43 1237 67 1256; x_wconf 80' lang='lat'>15</span> 
     </span>
    </p>
   </div>
   <div class='ocr_carea' id='block_1_3' title="bbox 42 1500 68 1520">
    <p class='ocr_par' dir='ltr' id='par_1_3' title="bbox 42 1500 68 1520">
     <span class='ocr_line' id='line_1_3' title="bbox 42 1500 68 1520; baseline -0.038 0"><span class='ocrx_word' id='word_1_3' title='bbox 42 1500 68 1520; x_wconf 83' lang='lat'>20</span> 
     </span>
    </p>
   </div>
   <div class='ocr_carea' id='block_1_4' title="bbox 41 1762 68 1782">
    <p class='ocr_par' dir='ltr' id='par_1_4' title="bbox 41 1762 68 1782">
     <span class='ocr_line' id='line_1_4' title="bbox 41 1762 68 1782; baseline 0.037 -1"><span class='ocrx_word' id='word_1_4' title='bbox 41 1762 68 1782; x_wconf 78' lang='lat'>25</span> 
     </span>
    </p>
   </div>
   <div class='ocr_carea' id='block_1_5' title="bbox 40 2025 69 2044">
    <p class='ocr_par' dir='ltr' id='par_1_5' title="bbox 40 2025 69 2044">
     <span class='ocr_line' id='line_1_5' title="bbox 40 2025 69 2044; baseline 0 0"><span class='ocrx_word' id='word_1_5' title='bbox 40 2025 69 2044; x_wconf 70' lang='lat'>30</span> 
     </span>
    </p>
   </div>
   <div class='ocr_carea' id='block_1_6' title="bbox 37 2289 67 2308">
    <p class='ocr_par' dir='ltr' id='par_1_6' title="bbox 37 2289 67 2308">
     <span class='ocr_line' id='line_1_6' title="bbox 37 2289 67 2308; baseline 0 0"><span class='ocrx_word' id='word_1_6' title='bbox 37 2289 67 2308; x_wconf 70' lang='lat'>35</span> 
     </span>
    </p>
   </div>
   <div class='ocr_carea' id='block_1_7' title="bbox 644 331 1640 373">
    <p class='ocr_par' dir='ltr' id='par_1_7' title="bbox 644 331 1640 373">
     <span class='ocr_line' id='line_1_7' title="bbox 644 331 1640 373; baseline 0.013 -12"><span class='ocrx_word' id='word_1_7' title='bbox 644 333 695 362; x_wconf 83' lang='lat' dir='ltr'>LE</span> <span class='ocrx_word' id='word_1_8' title='bbox 720 333 863 363; x_wconf 79' lang='lat' dir='ltr'>LIBER</span> <span class='ocrx_word' id='word_1_9' title='bbox 886 333 1120 363; x_wconf 82' lang='lat' dir='ltr'>CENSUUM</span> <span class='ocrx_word' id='word_1_10' title='bbox 1145 334 1199 363; x_wconf 71' lang='lat' dir='ltr'>DE</span> <span class='ocrx_word' id='word_1_11' title='bbox 1224 331 1408 369; x_wconf 77' lang='lat' dir='ltr'>L‘EGLISE</span> <span class='ocrx_word' id='word_1_12' title='bbox 1433 341 1640 373; x_wconf 70' lang='lat' dir='ltr'>ROMAINE.</span> 
     </span>
    </p>
   </div>
   <div class='ocr_carea' id='block_1_8' title="bbox 134 397 1104 1020">
    <p class='ocr_par' dir='ltr' id='par_1_8' title="bbox 135 397 1101 481">
     <span class='ocr_line' id='line_1_8' title="bbox 135 397 1101 437; baseline 0.002 -11"><span class='ocrx_word' id='word_1_13' title='bbox 135 397 289 436; x_wconf 89' lang='lat' dir='ltr'>templum</span> <span class='ocrx_word' id='word_1_14' title='bbox 307 397 479 435; x_wconf 78' lang='lat' dir='ltr'>Apollinis.</span> <span class='ocrx_word' id='word_1_15' title='bbox 499 398 536 426; x_wconf 88' lang='lat' dir='ltr'>Et</span> <span class='ocrx_word' id='word_1_16' title='bbox 553 397 668 428; x_wconf 75' lang='lat' dir='ltr'>iccirco</span> <span class='ocrx_word' id='word_1_17' title='bbox 686 402 746 428; x_wconf 89' lang='lat' dir='ltr'>tota</span> <span class='ocrx_word' id='word_1_18' title='bbox 763 408 833 437; x_wconf 88' lang='lat' dir='ltr'>pars</span> <span class='ocrx_word' id='word_1_19' title='bbox 852 399 983 428; x_wconf 82' lang='lat' dir='ltr'>ecclesie</span> <span class='ocrx_word' id='word_1_20' title='bbox 999 400 1101 429; x_wconf 84' lang='lat' dir='ltr'>sancti</span> 
     </span>
     <span class='ocr_line' id='line_1_9' title="bbox 135 450 588 481; baseline 0 -2"><span class='ocrx_word' id='word_1_21' title='bbox 135 451 221 480; x_wconf 89' lang='lat' dir='ltr'>Petri</span> <span class='ocrx_word' id='word_1_22' title='bbox 238 450 429 480; x_wconf 83' lang='lat' dir='ltr'>Vaticanum</span> <span class='ocrx_word' id='word_1_23' title='bbox 450 455 588 481; x_wconf 87' lang='lat' dir='ltr'>vocatur.</span> 
     </span>
    </p>

    <p class='ocr_par' dir='ltr' id='par_1_9' title="bbox 135 503 1103 594">
     <span class='ocr_line' id='line_1_10' title="bbox 177 503 1103 542; baseline 0.001 -10"><span class='ocrx_word' id='word_1_24' title='bbox 177 503 287 541; x_wconf 83' lang='lat' dir='ltr'>Ibique</span> <span class='ocrx_word' id='word_1_25' title='bbox 303 507 350 532; x_wconf 86' lang='lat' dir='ltr'>est</span> <span class='ocrx_word' id='word_1_26' title='bbox 370 503 455 532; x_wconf 88' lang='lat' dir='ltr'>aliud</span> <span class='ocrx_word' id='word_1_27' title='bbox 480 503 632 541; x_wconf 89' lang='lat' dir='ltr'>templum</span> <span class='ocrx_word' id='word_1_28' title='bbox 657 503 740 542; x_wconf 82' lang='lat' dir='ltr'>quod</span> <span class='ocrx_word' id='word_1_29' title='bbox 765 504 823 533; x_wconf 82' lang='lat' dir='ltr'>suit</span> <span class='ocrx_word' id='word_1_30' title='bbox 844 505 1016 533; x_wconf 85' lang='lat' dir='ltr'>vestarium</span> <span class='ocrx_word' id='word_1_31' title='bbox 1037 505 1103 533; x_wconf 87' lang='lat' dir='ltr'>Ne-</span> 
     </span>
     <span class='ocr_line' id='line_1_11' title="bbox 135 556 951 594; baseline 0 -8"><span class='ocrx_word' id='word_1_32' title='bbox 135 556 223 586; x_wconf 89' lang='lat' dir='ltr'>ronis</span> <span class='ocrx_word' id='word_1_33' title='bbox 236 557 272 593; x_wconf 76' lang='lat'>⁴⁴,</span> <span class='ocrx_word' id='word_1_34' title='bbox 291 556 375 594; x_wconf 90' lang='lat' dir='ltr'>quod</span> <span class='ocrx_word' id='word_1_35' title='bbox 393 565 480 586; x_wconf 89' lang='lat' dir='ltr'>nunc</span> <span class='ocrx_word' id='word_1_36' title='bbox 496 561 626 587; x_wconf 86' lang='lat' dir='ltr'>vocatur</span> <span class='ocrx_word' id='word_1_37' title='bbox 642 557 777 587; x_wconf 84' lang='lat' dir='ltr'>Sanctus</span> <span class='ocrx_word' id='word_1_38' title='bbox 794 558 951 587; x_wconf 77' lang='lat' dir='ltr'>Andreas.</span> 
     </span>
    </p>

    <p class='ocr_par' dir='ltr' id='par_1_10' title="bbox 134 609 1104 1020">
     <span class='ocr_line' id='line_1_12' title="bbox 173 609 1104 648; baseline 0.002 -10"><span class='ocrx_word' id='word_1_39' title='bbox 173 610 269 639; x_wconf 83' lang='lat' dir='ltr'>Juxta</span> <span class='ocrx_word' id='word_1_40' title='bbox 285 609 368 648; x_wconf 87' lang='lat' dir='ltr'>quod</span> <span class='ocrx_word' id='word_1_41' title='bbox 383 614 429 639; x_wconf 82' lang='lat' dir='ltr'>est</span> <span class='ocrx_word' id='word_1_42' title='bbox 444 610 597 640; x_wconf 81' lang='lat' dir='ltr'>memoria</span> <span class='ocrx_word' id='word_1_43' title='bbox 612 611 636 631; x_wconf 80' lang='lat'>⁴⁵</span> <span class='ocrx_word' id='word_1_44' title='bbox 653 610 789 646; x_wconf 84' lang='lat' dir='ltr'>Cesar-is,</span> <span class='ocrx_word' id='word_1_45' title='bbox 808 611 839 640; x_wconf 95' lang='lat' dir='ltr'>id</span> <span class='ocrx_word' id='word_1_46' title='bbox 859 616 903 640; x_wconf 82' lang='lat' dir='ltr'>est</span> <span class='ocrx_word' id='word_1_47' title='bbox 919 611 1035 648; x_wconf 84' lang='lat' dir='ltr'>agulia,</span> <span class='ocrx_word' id='word_1_48' title='bbox 1051 611 1104 641; x_wconf 90' lang='lat' dir='ltr'>ubi</span> 
     </span>
     <span class='ocr_line' id='line_1_13' title="bbox 135 662 1104 702; baseline 0 -10"><span class='ocrx_word' id='word_1_49' title='bbox 135 662 301 701; x_wconf 80' lang='lat' dir='ltr'>splendide</span> <span class='ocrx_word' id='word_1_50' title='bbox 317 663 398 692; x_wconf 87' lang='lat' dir='ltr'>cinis</span> <span class='ocrx_word' id='word_1_51' title='bbox 415 664 484 702; x_wconf 75' lang='lat' dir='ltr'>eJ‘us</span> <span class='ocrx_word' id='word_1_52' title='bbox 502 664 532 692; x_wconf 96' lang='lat' dir='ltr'>in</span> <span class='ocrx_word' id='word_1_53' title='bbox 551 672 609 693; x_wconf 86' lang='lat' dir='ltr'>suo</span> <span class='ocrx_word' id='word_1_54' title='bbox 625 664 786 701; x_wconf 82' lang='lat' dir='ltr'>sarcofago</span> <span class='ocrx_word' id='word_1_55' title='bbox 801 663 990 702; x_wconf 77' lang='lat' dir='ltr'>requiescit3</span> <span class='ocrx_word' id='word_1_56' title='bbox 1011 668 1043 692; x_wconf 89' lang='lat' dir='ltr'>ut</span> <span class='ocrx_word' id='word_1_57' title='bbox 1061 664 1104 692; x_wconf 88' lang='lat' dir='ltr'>si-</span> 
     </span>
     <span class='ocr_line' id='line_1_14' title="bbox 134 715 1104 754; baseline -0.001 -8"><span class='ocrx_word' id='word_1_58' title='bbox 134 721 188 746; x_wconf 89' lang='lat' dir='ltr'>cut</span> <span class='ocrx_word' id='word_1_59' title='bbox 208 724 244 746; x_wconf 90' lang='lat' dir='ltr'>eo</span> <span class='ocrx_word' id='word_1_60' title='bbox 267 715 393 745; x_wconf 80' lang='lat' dir='ltr'>vivente</span> <span class='ocrx_word' id='word_1_61' title='bbox 415 720 497 745; x_wconf 88' lang='lat' dir='ltr'>totns</span> <span class='ocrx_word' id='word_1_62' title='bbox 517 716 658 745; x_wconf 88' lang='lat' dir='ltr'>mundus</span> <span class='ocrx_word' id='word_1_63' title='bbox 675 716 703 746; x_wconf 92' lang='lat' dir='ltr'>ei</span> <span class='ocrx_word' id='word_1_64' title='bbox 728 716 890 754; x_wconf 86' lang='lat' dir='ltr'>subjectus</span> <span class='ocrx_word' id='word_1_65' title='bbox 908 717 982 752; x_wconf 84' lang='lat' dir='ltr'>suit,</span> <span class='ocrx_word' id='word_1_66' title='bbox 1003 716 1045 745; x_wconf 89' lang='lat' dir='ltr'>ita</span> <span class='ocrx_word' id='word_1_67' title='bbox 1069 724 1104 745; x_wconf 91' lang='lat' dir='ltr'>eo</span> 
     </span>
     <span class='ocr_line' id='line_1_15' title="bbox 135 768 1104 807; baseline -0.001 -9"><span class='ocrx_word' id='word_1_68' title='bbox 135 773 261 799; x_wconf 88' lang='lat' dir='ltr'>mortuo</span> <span class='ocrx_word' id='word_1_69' title='bbox 285 778 385 807; x_wconf 86' lang='lat' dir='ltr'>usque</span> <span class='ocrx_word' id='word_1_70' title='bbox 406 769 438 798; x_wconf 91' lang='lat' dir='ltr'>in</span> <span class='ocrx_word' id='word_1_71' title='bbox 461 769 558 798; x_wconf 83' lang='lat' dir='ltr'>finem</span> <span class='ocrx_word' id='word_1_72' title='bbox 582 768 680 798; x_wconf 85' lang='lat' dir='ltr'>seculi</span> <span class='ocrx_word' id='word_1_73' title='bbox 705 769 890 798; x_wconf 86' lang='lat' dir='ltr'>subicietur.</span> <span class='ocrx_word' id='word_1_74' title='bbox 915 768 1014 807; x_wconf 88' lang='lat' dir='ltr'>Cujus</span> <span class='ocrx_word' id='word_1_75' title='bbox 1038 778 1104 798; x_wconf 85' lang='lat' dir='ltr'>me-</span> 
     </span>
     <span class='ocr_line' id='line_1_16' title="bbox 135 821 1103 859; baseline 0 -8"><span class='ocrx_word' id='word_1_76' title='bbox 135 822 235 852; x_wconf 88' lang='lat' dir='ltr'>moria</span> <span class='ocrx_word' id='word_1_77' title='bbox 259 822 394 852; x_wconf 77' lang='lat' dir='ltr'>inferius</span> <span class='ocrx_word' id='word_1_78' title='bbox 417 827 530 852; x_wconf 86' lang='lat' dir='ltr'>ornata</span> <span class='ocrx_word' id='word_1_79' title='bbox 551 822 612 851; x_wconf 84' lang='lat' dir='ltr'>suit</span> <span class='ocrx_word' id='word_1_80' title='bbox 635 821 751 851; x_wconf 88' lang='lat' dir='ltr'>tabulis</span> <span class='ocrx_word' id='word_1_81' title='bbox 772 822 854 851; x_wconf 87' lang='lat' dir='ltr'>ereis</span> <span class='ocrx_word' id='word_1_82' title='bbox 876 827 906 851; x_wconf 89' lang='lat' dir='ltr'>et</span> <span class='ocrx_word' id='word_1_83' title='bbox 925 822 1103 859; x_wconf 70' lang='lat' dir='ltr'>deauratis,</span> 
     </span>
     <span class='ocr_line' id='line_1_17' title="bbox 134 875 1104 914; baseline 0 -10"><span class='ocrx_word' id='word_1_84' title='bbox 134 875 247 904; x_wconf 90' lang='lat' dir='ltr'>litteris</span> <span class='ocrx_word' id='word_1_85' title='bbox 268 875 378 904; x_wconf 87' lang='lat' dir='ltr'>latinis</span> <span class='ocrx_word' id='word_1_86' title='bbox 395 875 545 905; x_wconf 89' lang='lat' dir='ltr'>decenter</span> <span class='ocrx_word' id='word_1_87' title='bbox 560 875 695 914; x_wconf 84' lang='lat' dir='ltr'>depicta.</span> <span class='ocrx_word' id='word_1_88' title='bbox 716 875 871 913; x_wconf 78' lang='lat' dir='ltr'>Superius</span> <span class='ocrx_word' id='word_1_89' title='bbox 891 883 963 904; x_wconf 89' lang='lat' dir='ltr'>vero</span> <span class='ocrx_word' id='word_1_90' title='bbox 979 875 1016 904; x_wconf 85' lang='lat' dir='ltr'>ad</span> <span class='ocrx_word' id='word_1_91' title='bbox 1034 884 1104 904; x_wconf 87' lang='lat' dir='ltr'>ma-</span> 
     </span>
     <span class='ocr_line' id='line_1_18' title="bbox 134 927 1104 967; baseline 0 -10"><span class='ocrx_word' id='word_1_92' title='bbox 134 928 203 958; x_wconf 90' lang='lat' dir='ltr'>lum</span> <span class='ocrx_word' id='word_1_93' title='bbox 221 928 273 958; x_wconf 87' lang='lat' dir='ltr'>ubi</span> <span class='ocrx_word' id='word_1_94' title='bbox 293 928 473 967; x_wconf 79' lang='lat' dir='ltr'>requiescit,</span> <span class='ocrx_word' id='word_1_95' title='bbox 491 937 569 958; x_wconf 87' lang='lat' dir='ltr'>auro</span> <span class='ocrx_word' id='word_1_96' title='bbox 585 932 615 958; x_wconf 91' lang='lat' dir='ltr'>et</span> <span class='ocrx_word' id='word_1_97' title='bbox 631 928 780 966; x_wconf 78' lang='lat' dir='ltr'>preciosis</span> <span class='ocrx_word' id='word_1_98' title='bbox 795 927 957 967; x_wconf 74' lang='lat' dir='ltr'>lapidibus</span> <span class='ocrx_word' id='word_1_99' title='bbox 973 928 1104 957; x_wconf 84' lang='lat' dir='ltr'>decora-</span> 
     </span>
     <span class='ocr_line' id='line_1_19' title="bbox 136 981 529 1020; baseline -0.003 -9"><span class='ocrx_word' id='word_1_100' title='bbox 136 986 198 1018; x_wconf 91' lang='lat' dir='ltr'>tur,</span> <span class='ocrx_word' id='word_1_101' title='bbox 216 981 272 1011; x_wconf 91' lang='lat' dir='ltr'>ubi</span> <span class='ocrx_word' id='word_1_102' title='bbox 288 982 441 1020; x_wconf 88' lang='lat' dir='ltr'>scriptum</span> <span class='ocrx_word' id='word_1_103' title='bbox 459 986 505 1010; x_wconf 86' lang='lat' dir='ltr'>est</span> <span class='ocrx_word' id='word_1_104' title='bbox 523 991 529 1011; x_wconf 91' lang='lat'>:</span> 
     </span>
    </p>
   </div>
   <div class='ocr_carea' id='block_1_9' title="bbox 311 1086 880 1153">
    <p class='ocr_par' dir='ltr' id='par_1_11' title="bbox 311 1086 880 1153">
     <span class='ocr_line' id='line_1_20' title="bbox 311 1086 848 1116; baseline -0.002 -6"><span class='ocrx_word' id='word_1_105' title='bbox 311 1086 396 1110; x_wconf 83' lang='lat' dir='ltr'>Cesar</span> <span class='ocrx_word' id='word_1_106' title='bbox 412 1088 505 1109; x_wconf 84' lang='lat' dir='ltr'>tantus</span> <span class='ocrx_word' id='word_1_107' title='bbox 520 1088 577 1109; x_wconf 80' lang='lat' dir='ltr'>erat</span> <span class='ocrx_word' id='word_1_108' title='bbox 594 1088 714 1116; x_wconf 84' lang='lat' dir='ltr'>quantus</span> <span class='ocrx_word' id='word_1_109' title='bbox 730 1088 756 1108; x_wconf 81' lang='lat' dir='ltr'>et</span> <span class='ocrx_word' id='word_1_110' title='bbox 773 1087 848 1109; x_wconf 84' lang='lat' dir='ltr'>orbis</span> 
     </span>
     <span class='ocr_line' id='line_1_21' title="bbox 311 1129 880 1153; baseline -0.002 0"><span class='ocrx_word' id='word_1_111' title='bbox 311 1130 359 1153; x_wconf 87' lang='lat' dir='ltr'>sed</span> <span class='ocrx_word' id='word_1_112' title='bbox 375 1137 449 1153; x_wconf 88' lang='lat' dir='ltr'>nunc</span> <span class='ocrx_word' id='word_1_113' title='bbox 466 1130 492 1153; x_wconf 88' lang='lat' dir='ltr'>in</span> <span class='ocrx_word' id='word_1_114' title='bbox 509 1129 618 1153; x_wconf 87' lang='lat' dir='ltr'>modico</span> <span class='ocrx_word' id='word_1_115' title='bbox 636 1129 774 1152; x_wconf 87' lang='lat' dir='ltr'>clauderis</span> <span class='ocrx_word' id='word_1_116' title='bbox 791 1133 880 1153; x_wconf 84' lang='lat' dir='ltr'>antro.</span> 
     </span>
    </p>
   </div>
   <div class='ocr_carea' id='block_1_10' title="bbox 134 1227 1109 2530">
    <p class='ocr_par' dir='ltr' id='par_1_12' title="bbox 134 1227 1106 1319">
     <span class='ocr_line' id='line_1_22' title="bbox 176 1227 1106 1262; baseline -0.001 -6"><span class='ocrx_word' id='word_1_117' title='bbox 176 1228 213 1257; x_wconf 90' lang='lat' dir='ltr'>Et</span> <span class='ocrx_word' id='word_1_118' title='bbox 233 1227 292 1256; x_wconf 88' lang='lat' dir='ltr'>hec</span> <span class='ocrx_word' id='word_1_119' title='bbox 309 1227 465 1256; x_wconf 87' lang='lat' dir='ltr'>memoria</span> <span class='ocrx_word' id='word_1_120' title='bbox 482 1230 603 1256; x_wconf 85' lang='lat' dir='ltr'>sacrata</span> <span class='ocrx_word' id='word_1_121' title='bbox 623 1227 683 1256; x_wconf 82' lang='lat' dir='ltr'>suit</span> <span class='ocrx_word' id='word_1_122' title='bbox 703 1235 760 1257; x_wconf 90' lang='lat' dir='ltr'>suo</span> <span class='ocrx_word' id='word_1_123' title='bbox 778 1235 877 1262; x_wconf 84' lang='lat' dir='ltr'>more,</span> <span class='ocrx_word' id='word_1_124' title='bbox 900 1227 982 1257; x_wconf 87' lang='lat' dir='ltr'>sicut</span> <span class='ocrx_word' id='word_1_125' title='bbox 1001 1227 1106 1256; x_wconf 87' lang='lat' dir='ltr'>adhuc</span> 
     </span>
     <span class='ocr_line' id='line_1_23' title="bbox 134 1280 452 1319; baseline 0 -10"><span class='ocrx_word' id='word_1_126' title='bbox 134 1284 264 1319; x_wconf 88' lang='lat' dir='ltr'>apparet</span> <span class='ocrx_word' id='word_1_127' title='bbox 279 1285 309 1310; x_wconf 88' lang='lat' dir='ltr'>et</span> <span class='ocrx_word' id='word_1_128' title='bbox 324 1280 452 1318; x_wconf 88' lang='lat' dir='ltr'>legitur.</span> 
     </span>
    </p>

    <p class='ocr_par' dir='ltr' id='par_1_13' title="bbox 134 1332 1109 1952">
     <span class='ocr_line' id='line_1_24' title="bbox 175 1332 1108 1371; baseline -0.001 -9"><span class='ocrx_word' id='word_1_129' title='bbox 175 1333 212 1362; x_wconf 93' lang='lat' dir='ltr'>In</span> <span class='ocrx_word' id='word_1_130' title='bbox 236 1333 382 1371; x_wconf 77' lang='lat' dir='ltr'>paradiso</span> <span class='ocrx_word' id='word_1_131' title='bbox 406 1333 508 1362; x_wconf 85' lang='lat' dir='ltr'>sancti</span> <span class='ocrx_word' id='word_1_132' title='bbox 533 1333 618 1362; x_wconf 81' lang='lat' dir='ltr'>Petri</span> <span class='ocrx_word' id='word_1_133' title='bbox 642 1337 689 1362; x_wconf 85' lang='lat' dir='ltr'>est</span> <span class='ocrx_word' id='word_1_134' title='bbox 705 1337 873 1362; x_wconf 81' lang='lat' dir='ltr'>cantarum</span> <span class='ocrx_word' id='word_1_135' title='bbox 888 1334 912 1353; x_wconf 82' lang='lat'>⁴⁶</span> <span class='ocrx_word' id='word_1_136' title='bbox 933 1332 1014 1371; x_wconf 85' lang='lat' dir='ltr'>quod</span> <span class='ocrx_word' id='word_1_137' title='bbox 1033 1332 1108 1362; x_wconf 81' lang='lat' dir='ltr'>fecit</span> 
     </span>
     <span class='ocr_line' id='line_1_25' title="bbox 135 1385 1107 1425; baseline -0.001 -9"><span class='ocrx_word' id='word_1_138' title='bbox 135 1386 281 1417; x_wconf 81' lang='lat' dir='ltr'>Simacus</span> <span class='ocrx_word' id='word_1_139' title='bbox 310 1395 388 1425; x_wconf 89' lang='lat' dir='ltr'>papa</span> <span class='ocrx_word' id='word_1_140' title='bbox 418 1386 599 1424; x_wconf 89' lang='lat' dir='ltr'>columpnis</span> <span class='ocrx_word' id='word_1_141' title='bbox 630 1385 859 1424; x_wconf 87' lang='lat' dir='ltr'>porphoreticis</span> <span class='ocrx_word' id='word_1_142' title='bbox 890 1391 1107 1424; x_wconf 82' lang='lat' dir='ltr'>ornatumque</span> 
     </span>
     <span class='ocr_line' id='line_1_26' title="bbox 137 1438 1107 1477; baseline 0 -9"><span class='ocrx_word' id='word_1_143' title='bbox 137 1438 252 1469; x_wconf 87' lang='lat' dir='ltr'>tabulis</span> <span class='ocrx_word' id='word_1_144' title='bbox 268 1447 341 1468; x_wconf 87' lang='lat' dir='ltr'>cum</span> <span class='ocrx_word' id='word_1_145' title='bbox 354 1439 401 1476; x_wconf 83' lang='lat' dir='ltr'>gri</span> <span class='ocrx_word' id='word_1_146' title='bbox 409 1438 536 1468; x_wconf 79' lang='lat' dir='ltr'>sonibus</span> <span class='ocrx_word' id='word_1_147' title='bbox 553 1447 707 1474; x_wconf 72' lang='lat' dir='ltr'>connexe⁷</span> <span class='ocrx_word' id='word_1_148' title='bbox 720 1439 861 1477; x_wconf 87' lang='lat' dir='ltr'>precioso</span> <span class='ocrx_word' id='word_1_149' title='bbox 873 1438 940 1468; x_wconf 83' lang='lat' dir='ltr'>celo</span> <span class='ocrx_word' id='word_1_150' title='bbox 952 1447 1024 1468; x_wconf 86' lang='lat' dir='ltr'>ereo</span> <span class='ocrx_word' id='word_1_151' title='bbox 1035 1447 1107 1468; x_wconf 90' lang='lat' dir='ltr'>coo-</span> 
     </span>
     <span class='ocr_line' id='line_1_27' title="bbox 135 1491 1108 1530; baseline -0.001 -9"><span class='ocrx_word' id='word_1_152' title='bbox 135 1496 234 1530; x_wconf 82' lang='lat' dir='ltr'>perte,</span> <span class='ocrx_word' id='word_1_153' title='bbox 252 1500 325 1521; x_wconf 91' lang='lat' dir='ltr'>cum</span> <span class='ocrx_word' id='word_1_154' title='bbox 343 1491 473 1521; x_wconf 88' lang='lat' dir='ltr'>floribus</span> <span class='ocrx_word' id='word_1_155' title='bbox 488 1496 518 1521; x_wconf 91' lang='lat' dir='ltr'>et</span> <span class='ocrx_word' id='word_1_156' title='bbox 532 1491 662 1521; x_wconf 85' lang='lat' dir='ltr'>delfinis</span> <span class='ocrx_word' id='word_1_157' title='bbox 679 1492 760 1521; x_wconf 87' lang='lat' dir='ltr'>ereis</span> <span class='ocrx_word' id='word_1_158' title='bbox 775 1496 804 1520; x_wconf 91' lang='lat' dir='ltr'>et</span> <span class='ocrx_word' id='word_1_159' title='bbox 820 1491 991 1526; x_wconf 71' lang='lat' dir='ltr'>deauratis,</span> <span class='ocrx_word' id='word_1_160' title='bbox 1007 1500 1108 1530; x_wconf 88' lang='lat' dir='ltr'>aquas</span> 
     </span>
     <span class='ocr_line' id='line_1_28' title="bbox 134 1545 1109 1583; baseline 0 -9"><span class='ocrx_word' id='word_1_161' title='bbox 134 1545 358 1575; x_wconf 80' lang='lat' dir='ltr'>fundentibus.</span> <span class='ocrx_word' id='word_1_162' title='bbox 379 1545 416 1574; x_wconf 91' lang='lat' dir='ltr'>In</span> <span class='ocrx_word' id='word_1_163' title='bbox 433 1545 540 1574; x_wconf 89' lang='lat' dir='ltr'>medio</span> <span class='ocrx_word' id='word_1_164' title='bbox 556 1545 678 1574; x_wconf 89' lang='lat' dir='ltr'>cantari</span> <span class='ocrx_word' id='word_1_165' title='bbox 695 1549 741 1574; x_wconf 92' lang='lat' dir='ltr'>est</span> <span class='ocrx_word' id='word_1_166' title='bbox 763 1545 856 1583; x_wconf 84' lang='lat' dir='ltr'>pinea</span> <span class='ocrx_word' id='word_1_167' title='bbox 874 1553 946 1574; x_wconf 88' lang='lat' dir='ltr'>erea</span> <span class='ocrx_word' id='word_1_168' title='bbox 969 1554 1030 1583; x_wconf 84' lang='lat' dir='ltr'>que</span> <span class='ocrx_word' id='word_1_169' title='bbox 1048 1545 1109 1574; x_wconf 87' lang='lat' dir='ltr'>fuit</span> 
     </span>
     <span class='ocr_line' id='line_1_29' title="bbox 136 1597 1107 1637; baseline 0 -10"><span class='ocrx_word' id='word_1_170' title='bbox 136 1599 372 1636; x_wconf 78' lang='lat' dir='ltr'>coopertorium</span> <span class='ocrx_word' id='word_1_171' title='bbox 389 1607 460 1628; x_wconf 88' lang='lat' dir='ltr'>cum</span> <span class='ocrx_word' id='word_1_172' title='bbox 478 1597 615 1637; x_wconf 85' lang='lat' dir='ltr'>sini[n]o</span> <span class='ocrx_word' id='word_1_173' title='bbox 629 1606 700 1627; x_wconf 86' lang='lat' dir='ltr'>ereo</span> <span class='ocrx_word' id='word_1_174' title='bbox 719 1602 748 1627; x_wconf 87' lang='lat' dir='ltr'>et</span> <span class='ocrx_word' id='word_1_175' title='bbox 764 1598 914 1627; x_wconf 89' lang='lat' dir='ltr'>deaurato</span> <span class='ocrx_word' id='word_1_176' title='bbox 931 1607 1026 1636; x_wconf 89' lang='lat' dir='ltr'>super</span> <span class='ocrx_word' id='word_1_177' title='bbox 1043 1601 1107 1627; x_wconf 86' lang='lat' dir='ltr'>sta-</span> 
     </span>
     <span class='ocr_line' id='line_1_30' title="bbox 138 1650 1107 1687; baseline 0 -7"><span class='ocrx_word' id='word_1_178' title='bbox 138 1654 225 1680; x_wconf 88' lang='lat' dir='ltr'>tuam</span> <span class='ocrx_word' id='word_1_179' title='bbox 246 1650 372 1680; x_wconf 88' lang='lat' dir='ltr'>Cibeles</span> <span class='ocrx_word' id='word_1_180' title='bbox 391 1651 503 1680; x_wconf 73' lang='lat' dir='ltr'>matris</span> <span class='ocrx_word' id='word_1_181' title='bbox 519 1650 672 1687; x_wconf 90' lang='lat' dir='ltr'>deorum,</span> <span class='ocrx_word' id='word_1_182' title='bbox 690 1650 723 1679; x_wconf 90' lang='lat' dir='ltr'>in</span> <span class='ocrx_word' id='word_1_183' title='bbox 749 1650 906 1680; x_wconf 82' lang='lat' dir='ltr'>foramine</span> <span class='ocrx_word' id='word_1_184' title='bbox 925 1650 1107 1681; x_wconf 82' lang='lat' dir='ltr'>Pantheon.</span> 
     </span>
     <span class='ocr_line' id='line_1_31' title="bbox 136 1702 1109 1742; baseline 0 -10"><span class='ocrx_word' id='word_1_185' title='bbox 136 1703 174 1732; x_wconf 92' lang='lat' dir='ltr'>In</span> <span class='ocrx_word' id='word_1_186' title='bbox 201 1711 298 1742; x_wconf 87' lang='lat' dir='ltr'>quarn</span> <span class='ocrx_word' id='word_1_187' title='bbox 323 1703 453 1742; x_wconf 83' lang='lat' dir='ltr'>pineam</span> <span class='ocrx_word' id='word_1_188' title='bbox 477 1703 686 1733; x_wconf 85' lang='lat' dir='ltr'>subterranea</span> <span class='ocrx_word' id='word_1_189' title='bbox 708 1702 814 1732; x_wconf 86' lang='lat' dir='ltr'>fistula</span> <span class='ocrx_word' id='word_1_190' title='bbox 840 1703 1109 1733; x_wconf 77' lang='lat' dir='ltr'>subministrabat</span> 
     </span>
     <span class='ocr_line' id='line_1_32' title="bbox 136 1755 1109 1795; baseline -0.001 -9"><span class='ocrx_word' id='word_1_191' title='bbox 136 1764 253 1795; x_wconf 88' lang='lat' dir='ltr'>aquam</span> <span class='ocrx_word' id='word_1_192' title='bbox 265 1757 290 1776; x_wconf 84' lang='lat'>⁴¹¹</span> <span class='ocrx_word' id='word_1_193' title='bbox 309 1765 344 1785; x_wconf 86' lang='lat' dir='ltr'>ex</span> <span class='ocrx_word' id='word_1_194' title='bbox 360 1756 463 1786; x_wconf 81' lang='lat' dir='ltr'>forma</span> <span class='ocrx_word' id='word_1_195' title='bbox 479 1755 669 1791; x_wconf 68' lang='lat' dir='ltr'>Sabbadna,</span> <span class='ocrx_word' id='word_1_196' title='bbox 687 1764 750 1794; x_wconf 85' lang='lat' dir='ltr'>que</span> <span class='ocrx_word' id='word_1_197' title='bbox 774 1759 836 1786; x_wconf 92' lang='lat' dir='ltr'>toto</span> <span class='ocrx_word' id='word_1_198' title='bbox 856 1760 997 1794; x_wconf 89' lang='lat' dir='ltr'>tempore</span> <span class='ocrx_word' id='word_1_199' title='bbox 1013 1755 1109 1794; x_wconf 85' lang='lat' dir='ltr'>plena</span> 
     </span>
     <span class='ocr_line' id='line_1_33' title="bbox 137 1808 1107 1848; baseline -0.002 -9"><span class='ocrx_word' id='word_1_200' title='bbox 137 1808 288 1848; x_wconf 85' lang='lat' dir='ltr'>prebebat</span> <span class='ocrx_word' id='word_1_201' title='bbox 309 1817 426 1847; x_wconf 86' lang='lat' dir='ltr'>aquam</span> <span class='ocrx_word' id='word_1_202' title='bbox 446 1817 501 1847; x_wconf 89' lang='lat' dir='ltr'>per</span> <span class='ocrx_word' id='word_1_203' title='bbox 524 1808 685 1839; x_wconf 85' lang='lat' dir='ltr'>foramina</span> <span class='ocrx_word' id='word_1_204' title='bbox 704 1817 824 1838; x_wconf 87' lang='lat' dir='ltr'>nucum</span> <span class='ocrx_word' id='word_1_205' title='bbox 847 1809 999 1838; x_wconf 88' lang='lat' dir='ltr'>omuibus</span> <span class='ocrx_word' id='word_1_206' title='bbox 1018 1808 1107 1837; x_wconf 88' lang='lat' dir='ltr'>indi-</span> 
     </span>
     <span class='ocr_line' id='line_1_34' title="bbox 137 1860 1108 1900; baseline -0.001 -9"><span class='ocrx_word' id='word_1_207' title='bbox 137 1861 288 1900; x_wconf 84' lang='lat' dir='ltr'>gentibus</span> <span class='ocrx_word' id='word_1_208' title='bbox 305 1870 341 1891; x_wconf 89' lang='lat' dir='ltr'>ea</span> <span class='ocrx_word' id='word_1_209' title='bbox 355 1865 385 1891; x_wconf 87' lang='lat' dir='ltr'>et</span> <span class='ocrx_word' id='word_1_210' title='bbox 401 1870 456 1900; x_wconf 90' lang='lat' dir='ltr'>per</span> <span class='ocrx_word' id='word_1_211' title='bbox 471 1861 713 1890; x_wconf 84' lang='lat' dir='ltr'>subterraneam</span> <span class='ocrx_word' id='word_1_212' title='bbox 731 1860 870 1891; x_wconf 86' lang='lat' dir='ltr'>fistulam</span> <span class='ocrx_word' id='word_1_213' title='bbox 885 1861 1023 1900; x_wconf 86' lang='lat' dir='ltr'>quedam</span> <span class='ocrx_word' id='word_1_214' title='bbox 1036 1870 1108 1900; x_wconf 86' lang='lat' dir='ltr'>pars</span> 
     </span>
     <span class='ocr_line' id='line_1_35' title="bbox 136 1913 1019 1952; baseline -0.001 -8"><span class='ocrx_word' id='word_1_215' title='bbox 136 1914 255 1944; x_wconf 86' lang='lat' dir='ltr'>fluebat</span> <span class='ocrx_word' id='word_1_216' title='bbox 272 1914 311 1943; x_wconf 89' lang='lat' dir='ltr'>ad</span> <span class='ocrx_word' id='word_1_217' title='bbox 327 1913 479 1944; x_wconf 85' lang='lat' dir='ltr'>balneum</span> <span class='ocrx_word' id='word_1_218' title='bbox 499 1913 701 1952; x_wconf 78' lang='lat' dir='ltr'>imperatoris</span> <span class='ocrx_word' id='word_1_219' title='bbox 715 1915 740 1934; x_wconf 80' lang='lat'>⁴⁸</span> <span class='ocrx_word' id='word_1_220' title='bbox 753 1914 844 1952; x_wconf 84' lang='lat' dir='ltr'>juxta</span> <span class='ocrx_word' id='word_1_221' title='bbox 860 1913 1019 1951; x_wconf 83' lang='lat' dir='ltr'>aguleam.</span> 
     </span>
    </p>

    <p class='ocr_par' dir='ltr' id='par_1_14' title="bbox 134 1967 1108 2530">
     <span class='ocr_line' id='line_1_36' title="bbox 176 1967 1108 2006; baseline 0 -9"><span class='ocrx_word' id='word_1_222' title='bbox 176 1968 214 1997; x_wconf 90' lang='lat' dir='ltr'>In</span> <span class='ocrx_word' id='word_1_223' title='bbox 233 1967 436 1997; x_wconf 79' lang='lat' dir='ltr'>Naumachia</span> <span class='ocrx_word' id='word_1_224' title='bbox 449 1968 474 1988; x_wconf 74' lang='lat'>⁴⁹</span> <span class='ocrx_word' id='word_1_225' title='bbox 491 1970 536 1996; x_wconf 87' lang='lat' dir='ltr'>est</span> <span class='ocrx_word' id='word_1_226' title='bbox 553 1967 735 2006; x_wconf 89' lang='lat' dir='ltr'>sepulcrum</span> <span class='ocrx_word' id='word_1_227' title='bbox 755 1967 896 2003; x_wconf 77' lang='lat' dir='ltr'>Romuli,</span> <span class='ocrx_word' id='word_1_228' title='bbox 915 1968 997 2005; x_wconf 87' lang='lat' dir='ltr'>quod</span> <span class='ocrx_word' id='word_1_229' title='bbox 1015 1976 1108 1997; x_wconf 88' lang='lat' dir='ltr'>voca-</span> 
     </span>
     <span class='ocr_line' id='line_1_37' title="bbox 138 2020 1108 2059; baseline 0 -10"><span class='ocrx_word' id='word_1_230' title='bbox 138 2023 189 2050; x_wconf 93' lang='lat' dir='ltr'>tur</span> <span class='ocrx_word' id='word_1_231' title='bbox 205 2021 300 2056; x_wconf 85' lang='lat' dir='ltr'>Meta,</span> <span class='ocrx_word' id='word_1_232' title='bbox 318 2029 381 2058; x_wconf 89' lang='lat' dir='ltr'>que</span> <span class='ocrx_word' id='word_1_233' title='bbox 399 2021 458 2050; x_wconf 89' lang='lat' dir='ltr'>fuit</span> <span class='ocrx_word' id='word_1_234' title='bbox 474 2021 555 2050; x_wconf 91' lang='lat' dir='ltr'>miro</span> <span class='ocrx_word' id='word_1_235' title='bbox 570 2020 676 2059; x_wconf 86' lang='lat' dir='ltr'>lapide</span> <span class='ocrx_word' id='word_1_236' title='bbox 692 2020 842 2055; x_wconf 77' lang='lat' dir='ltr'>tabulata,</span> <span class='ocrx_word' id='word_1_237' title='bbox 861 2030 896 2050; x_wconf 83' lang='lat' dir='ltr'>ex</span> <span class='ocrx_word' id='word_1_238' title='bbox 914 2021 1031 2059; x_wconf 85' lang='lat' dir='ltr'>quibus</span> <span class='ocrx_word' id='word_1_239' title='bbox 1048 2021 1108 2050; x_wconf 88' lang='lat' dir='ltr'>fac-</span> 
     </span>
     <span class='ocr_line' id='line_1_38' title="bbox 137 2073 1105 2112; baseline 0 -10"><span class='ocrx_word' id='word_1_240' title='bbox 137 2075 204 2102; x_wconf 78' lang='lat' dir='ltr'>tum</span> <span class='ocrx_word' id='word_1_241' title='bbox 218 2076 265 2102; x_wconf 82' lang='lat' dir='ltr'>est</span> <span class='ocrx_word' id='word_1_242' title='bbox 279 2074 501 2112; x_wconf 88' lang='lat' dir='ltr'>pavimentum</span> <span class='ocrx_word' id='word_1_243' title='bbox 519 2073 660 2112; x_wconf 87' lang='lat' dir='ltr'>paradisi</span> <span class='ocrx_word' id='word_1_244' title='bbox 672 2076 701 2102; x_wconf 89' lang='lat' dir='ltr'>et</span> <span class='ocrx_word' id='word_1_245' title='bbox 712 2073 872 2110; x_wconf 79' lang='lat' dir='ltr'>graduum</span> <span class='ocrx_word' id='word_1_246' title='bbox 889 2074 989 2103; x_wconf 85' lang='lat' dir='ltr'>sancti</span> <span class='ocrx_word' id='word_1_247' title='bbox 1007 2073 1105 2102; x_wconf 88' lang='lat' dir='ltr'>Petri.</span> 
     </span>
     <span class='ocr_line' id='line_1_39' title="bbox 137 2125 1106 2164; baseline -0.001 -9"><span class='ocrx_word' id='word_1_248' title='bbox 137 2125 259 2155; x_wconf 87' lang='lat' dir='ltr'>Habuit</span> <span class='ocrx_word' id='word_1_249' title='bbox 279 2126 364 2155; x_wconf 80' lang='lat' dir='ltr'>cirea</span> <span class='ocrx_word' id='word_1_250' title='bbox 385 2134 418 2155; x_wconf 90' lang='lat' dir='ltr'>se</span> <span class='ocrx_word' id='word_1_251' title='bbox 444 2125 580 2164; x_wconf 86' lang='lat' dir='ltr'>plateam</span> <span class='ocrx_word' id='word_1_252' title='bbox 603 2125 792 2155; x_wconf 83' lang='lat' dir='ltr'>tiburtinam</span> <span class='ocrx_word' id='word_1_253' title='bbox 816 2126 876 2154; x_wconf 87' lang='lat' dir='ltr'>XX</span> <span class='ocrx_word' id='word_1_254' title='bbox 894 2125 1011 2163; x_wconf 89' lang='lat' dir='ltr'>pedum</span> <span class='ocrx_word' id='word_1_255' title='bbox 1033 2134 1106 2154; x_wconf 91' lang='lat' dir='ltr'>cum</span> 
     </span>
     <span class='ocr_line' id='line_1_40' title="bbox 135 2178 1106 2208; baseline -0.001 0"><span class='ocrx_word' id='word_1_256' title='bbox 135 2178 240 2208; x_wconf 85' lang='lat' dir='ltr'>cloaca</span> <span class='ocrx_word' id='word_1_257' title='bbox 258 2183 288 2208; x_wconf 87' lang='lat' dir='ltr'>et</span> <span class='ocrx_word' id='word_1_258' title='bbox 304 2178 407 2208; x_wconf 87' lang='lat' dir='ltr'>ssorali</span> <span class='ocrx_word' id='word_1_259' title='bbox 424 2188 493 2208; x_wconf 84' lang='lat' dir='ltr'>suo.</span> <span class='ocrx_word' id='word_1_260' title='bbox 511 2178 602 2208; x_wconf 87' lang='lat' dir='ltr'>Circa</span> <span class='ocrx_word' id='word_1_261' title='bbox 618 2187 652 2208; x_wconf 86' lang='lat' dir='ltr'>se</span> <span class='ocrx_word' id='word_1_262' title='bbox 668 2178 781 2208; x_wconf 86' lang='lat' dir='ltr'>habuit</span> <span class='ocrx_word' id='word_1_263' title='bbox 798 2178 991 2207; x_wconf 86' lang='lat' dir='ltr'>tiburtinum</span> <span class='ocrx_word' id='word_1_264' title='bbox 1005 2179 1029 2198; x_wconf 85' lang='lat'>⁵⁰</span> <span class='ocrx_word' id='word_1_265' title='bbox 1047 2179 1106 2208; x_wconf 91' lang='lat' dir='ltr'>Ne-</span> 
     </span>
     <span class='ocr_line' id='line_1_41' title="bbox 135 2230 1107 2268; baseline -0.002 -7"><span class='ocrx_word' id='word_1_266' title='bbox 135 2231 224 2261; x_wconf 86' lang='lat' dir='ltr'>ronis</span> <span class='ocrx_word' id='word_1_267' title='bbox 260 2235 345 2260; x_wconf 84' lang='lat' dir='ltr'>tante</span> <span class='ocrx_word' id='word_1_268' title='bbox 372 2231 554 2260; x_wconf 86' lang='lat' dir='ltr'>altitudinis</span> <span class='ocrx_word' id='word_1_269' title='bbox 584 2235 742 2268; x_wconf 84' lang='lat' dir='ltr'>qnantum</span> <span class='ocrx_word' id='word_1_270' title='bbox 773 2230 940 2260; x_wconf 83' lang='lat' dir='ltr'>castellum</span> <span class='ocrx_word' id='word_1_271' title='bbox 969 2231 1107 2260; x_wconf 86' lang='lat' dir='ltr'>Adriani</span> 
     </span>
     <span class='ocr_line' id='line_1_42' title="bbox 135 2283 1106 2323; baseline -0.002 -10"><span class='ocrx_word' id='word_1_272' title='bbox 135 2283 233 2323; x_wconf 89' lang='lat' dir='ltr'>(miro</span> <span class='ocrx_word' id='word_1_273' title='bbox 248 2283 353 2321; x_wconf 89' lang='lat' dir='ltr'>lapide</span> <span class='ocrx_word' id='word_1_274' title='bbox 370 2283 525 2318; x_wconf 84' lang='lat' dir='ltr'>tabulata,</span> <span class='ocrx_word' id='word_1_275' title='bbox 545 2292 580 2312; x_wconf 85' lang='lat' dir='ltr'>ex</span> <span class='ocrx_word' id='word_1_276' title='bbox 598 2283 716 2321; x_wconf 89' lang='lat' dir='ltr'>quibus</span> <span class='ocrx_word' id='word_1_277' title='bbox 731 2291 809 2321; x_wconf 85' lang='lat' dir='ltr'>opus</span> <span class='ocrx_word' id='word_1_278' title='bbox 828 2283 986 2320; x_wconf 84' lang='lat' dir='ltr'>graduum</span> <span class='ocrx_word' id='word_1_279' title='bbox 1004 2287 1033 2312; x_wconf 91' lang='lat' dir='ltr'>et</span> <span class='ocrx_word' id='word_1_280' title='bbox 1051 2292 1106 2321; x_wconf 90' lang='lat' dir='ltr'>pa-</span> 
     </span>
     <span class='ocr_line' id='line_1_43' title="bbox 135 2335 1107 2374; baseline 0.001 -10"><span class='ocrx_word' id='word_1_281' title='bbox 135 2335 237 2365; x_wconf 87' lang='lat' dir='ltr'>radisi</span> <span class='ocrx_word' id='word_1_282' title='bbox 259 2341 422 2374; x_wconf 89' lang='lat' dir='ltr'>peractum</span> <span class='ocrx_word' id='word_1_283' title='bbox 440 2335 526 2374; x_wconf 84' lang='lat' dir='ltr'>fuit).</span> <span class='ocrx_word' id='word_1_284' title='bbox 550 2335 640 2371; x_wconf 90' lang='lat' dir='ltr'>Quod</span> <span class='ocrx_word' id='word_1_285' title='bbox 663 2335 825 2364; x_wconf 81' lang='lat' dir='ltr'>edificium</span> <span class='ocrx_word' id='word_1_286' title='bbox 849 2335 1022 2365; x_wconf 89' lang='lat' dir='ltr'>rotundum</span> <span class='ocrx_word' id='word_1_287' title='bbox 1048 2336 1107 2365; x_wconf 82' lang='lat' dir='ltr'>fuit</span> 
     </span>
     <span class='ocr_line' id='line_1_44' title="bbox 136 2387 1107 2426; baseline -0.001 -8"><span class='ocrx_word' id='word_1_288' title='bbox 136 2388 259 2418; x_wconf 88' lang='lat' dir='ltr'>duobus</span> <span class='ocrx_word' id='word_1_289' title='bbox 277 2388 442 2426; x_wconf 86' lang='lat' dir='ltr'>gironibus</span> <span class='ocrx_word' id='word_1_290' title='bbox 465 2388 547 2418; x_wconf 88' lang='lat' dir='ltr'>sicut</span> <span class='ocrx_word' id='word_1_291' title='bbox 570 2393 727 2423; x_wconf 78' lang='lat' dir='ltr'>castrum,</span> <span class='ocrx_word' id='word_1_292' title='bbox 749 2396 886 2426; x_wconf 83' lang='lat' dir='ltr'>quorum</span> <span class='ocrx_word' id='word_1_293' title='bbox 911 2387 994 2417; x_wconf 91' lang='lat' dir='ltr'>labia</span> <span class='ocrx_word' id='word_1_294' title='bbox 1015 2392 1107 2417; x_wconf 87' lang='lat' dir='ltr'>erant</span> 
     </span>
     <span class='ocr_line' id='line_1_45' title="bbox 134 2440 1106 2479; baseline -0.001 -8"><span class='ocrx_word' id='word_1_295' title='bbox 134 2445 280 2479; x_wconf 87' lang='lat' dir='ltr'>cooperta</span> <span class='ocrx_word' id='word_1_296' title='bbox 308 2440 423 2470; x_wconf 86' lang='lat' dir='ltr'>tabulis</span> <span class='ocrx_word' id='word_1_297' title='bbox 447 2440 585 2479; x_wconf 86' lang='lat' dir='ltr'>lapideis</span> <span class='ocrx_word' id='word_1_298' title='bbox 610 2449 665 2478; x_wconf 86' lang='lat' dir='ltr'>pro</span> <span class='ocrx_word' id='word_1_299' title='bbox 692 2440 882 2476; x_wconf 84' lang='lat' dir='ltr'>stillicidiis,</span> <span class='ocrx_word' id='word_1_300' title='bbox 905 2441 997 2479; x_wconf 86' lang='lat' dir='ltr'>juxta</span> <span class='ocrx_word' id='word_1_301' title='bbox 1021 2440 1106 2479; x_wconf 88' lang='lat' dir='ltr'>quod</span> 
     </span>
     <span class='ocr_line' id='line_1_46' title="bbox 135 2492 826 2530; baseline -0.001 -7"><span class='ocrx_word' id='word_1_302' title='bbox 135 2493 196 2523; x_wconf 80' lang='lat' dir='ltr'>suit</span> <span class='ocrx_word' id='word_1_303' title='bbox 212 2493 384 2523; x_wconf 79' lang='lat' dir='ltr'>crucifixus</span> <span class='ocrx_word' id='word_1_304' title='bbox 400 2493 509 2522; x_wconf 87' lang='lat' dir='ltr'>beatus</span> <span class='ocrx_word' id='word_1_305' title='bbox 527 2493 640 2523; x_wconf 87' lang='lat' dir='ltr'>Petrus</span> <span class='ocrx_word' id='word_1_306' title='bbox 656 2492 826 2530; x_wconf 59' lang='lat' dir='ltr'>apostolus</span> 
     </span>
    </p>
   </div>
   <div class='ocr_carea' id='block_1_11' title="bbox 92 2677 1104 3015">
    <p class='ocr_par' dir='ltr' id='par_1_15' title="bbox 92 2677 1104 2928">
     <span class='ocr_line' id='line_1_47' title="bbox 130 2677 1104 2710; baseline -0.002 -7"><span class='ocrx_word' id='word_1_307' title='bbox 130 2684 136 2703; x_wconf 92' lang='grc'>1</span> <span class='ocrx_word' id='word_1_308' title='bbox 156 2680 268 2707; x_wconf 80' lang='lat' dir='ltr'>&lt;i11a&gt;</span> <span class='ocrx_word' id='word_1_309' title='bbox 285 2686 347 2710; x_wconf 87' lang='lat' dir='ltr'>pars</span> <span class='ocrx_word' id='word_1_310' title='bbox 363 2679 386 2702; x_wconf 81' lang='lat' dir='ltr'>R</span> <span class='ocrx_word' id='word_1_311' title='bbox 406 2692 435 2696; x_wconf 89' lang='lat'>—</span> <span class='ocrx_word' id='word_1_312' title='bbox 458 2683 472 2702; x_wconf 88' lang='grc'>3</span> <span class='ocrx_word' id='word_1_313' title='bbox 488 2679 526 2702; x_wconf 91' lang='lat' dir='ltr'>ibi</span> <span class='ocrx_word' id='word_1_314' title='bbox 542 2678 563 2702; x_wconf 86' lang='lat' dir='ltr'>B</span> <span class='ocrx_word' id='word_1_315' title='bbox 581 2692 608 2695; x_wconf 97' lang='lat'><strong>—</strong></span> <span class='ocrx_word' id='word_1_316' title='bbox 624 2678 784 2702; x_wconf 77' lang='lat' dir='ltr'>vestiarium</span> <span class='ocrx_word' id='word_1_317' title='bbox 803 2677 823 2701; x_wconf 84' lang='lat'>13</span> <span class='ocrx_word' id='word_1_318' title='bbox 844 2691 873 2694; x_wconf 97' lang='lat'><strong>—</strong></span> <span class='ocrx_word' id='word_1_319' title='bbox 893 2682 908 2701; x_wconf 79' lang='grc' dir='ltr'><strong><em>Β</em></strong></span> <span class='ocrx_word' id='word_1_320' title='bbox 930 2677 1066 2701; x_wconf 83' lang='lat' dir='ltr'>subicitur</span> <span class='ocrx_word' id='word_1_321' title='bbox 1081 2677 1104 2701; x_wconf 78' lang='lat' dir='ltr'>R</span> 
     </span>
     <span class='ocr_line' id='line_1_48' title="bbox 92 2720 1102 2748; baseline -0.004 -1"><span class='ocrx_word' id='word_1_322' title='bbox 92 2736 125 2740; x_wconf 84' lang='lat'>-</span> <span class='ocrx_word' id='word_1_323' title='bbox 144 2727 171 2747; x_wconf 85' lang='grc'>10</span> <span class='ocrx_word' id='word_1_324' title='bbox 186 2723 219 2746; x_wconf 81' lang='lat' dir='ltr'>ad</span> <span class='ocrx_word' id='word_1_325' title='bbox 236 2730 291 2748; x_wconf 86' lang='lat' dir='ltr'>om.</span> <span class='ocrx_word' id='word_1_326' title='bbox 309 2724 331 2747; x_wconf 78' lang='lat' dir='ltr'><strong>A</strong></span> <span class='ocrx_word' id='word_1_327' title='bbox 352 2737 381 2740; x_wconf 97' lang='lat'><strong>—</strong></span> <span class='ocrx_word' id='word_1_328' title='bbox 405 2728 427 2746; x_wconf 93' lang='grc'>11</span> <span class='ocrx_word' id='word_1_329' title='bbox 447 2724 494 2746; x_wconf 87' lang='lat' dir='ltr'>nbi</span> <span class='ocrx_word' id='word_1_330' title='bbox 511 2730 567 2746; x_wconf 79' lang='lat' dir='ltr'>om.</span> <span class='ocrx_word' id='word_1_331' title='bbox 584 2723 608 2746; x_wconf 77' lang='lat' dir='ltr'>R</span> <span class='ocrx_word' id='word_1_332' title='bbox 629 2736 657 2739; x_wconf 97' lang='lat'><strong>—</strong></span> <span class='ocrx_word' id='word_1_333' title='bbox 676 2725 702 2745; x_wconf 88' lang='grc'>13</span> <span class='ocrx_word' id='word_1_334' title='bbox 719 2729 779 2745; x_wconf 84' lang='lat' dir='ltr'>eras</span> <span class='ocrx_word' id='word_1_335' title='bbox 797 2723 916 2744; x_wconf 67' lang='lat' dir='ltr'>correxi!</span> <span class='ocrx_word' id='word_1_336' title='bbox 935 2721 957 2744; x_wconf 71' lang='lat' dir='ltr'>A</span> <span class='ocrx_word' id='word_1_337' title='bbox 978 2734 1007 2738; x_wconf 93' lang='lat'><strong>—</strong></span> <span class='ocrx_word' id='word_1_338' title='bbox 1029 2723 1065 2743; x_wconf 79' lang='lat' dir='ltr'>ila</span> <span class='ocrx_word' id='word_1_339' title='bbox 1083 2720 1102 2744; x_wconf 92' lang='lat' dir='ltr'>C</span> 
     </span>
     <span class='ocr_line' id='line_1_49' title="bbox 94 2764 1101 2798; baseline -0.004 -7"><span class='ocrx_word' id='word_1_340' title='bbox 94 2768 291 2798; x_wconf 82' lang='lat' dir='ltr'>porphireticis</span> <span class='ocrx_word' id='word_1_341' title='bbox 307 2772 357 2790; x_wconf 73' lang='lat' dir='ltr'>cet.</span> <span class='ocrx_word' id='word_1_342' title='bbox 374 2781 402 2784; x_wconf 97' lang='lat'><strong>—</strong></span> <span class='ocrx_word' id='word_1_343' title='bbox 421 2771 448 2791; x_wconf 84' lang='grc'>19</span> <span class='ocrx_word' id='word_1_344' title='bbox 463 2766 690 2792; x_wconf 85' lang='lat' dir='ltr'>&lt;marmoreis&gt;</span> <span class='ocrx_word' id='word_1_345' title='bbox 707 2773 768 2789; x_wconf 86' lang='lat' dir='ltr'>cum</span> <span class='ocrx_word' id='word_1_346' title='bbox 785 2766 830 2788; x_wconf 75' lang='lat' dir='ltr'>AB</span> <span class='ocrx_word' id='word_1_347' title='bbox 848 2778 877 2781; x_wconf 93' lang='lat'>—-</span> <span class='ocrx_word' id='word_1_348' title='bbox 893 2769 924 2788; x_wconf 92' lang='grc'>22</span> <span class='ocrx_word' id='word_1_349' title='bbox 946 2765 1054 2788; x_wconf 80' lang='lat' dir='ltr'>sumnio</span> <span class='ocrx_word' id='word_1_350' title='bbox 1072 2764 1101 2791; x_wconf 86' lang='grc' dir='ltr'>Β,</span> 
     </span>
     <span class='ocr_line' id='line_1_50' title="bbox 95 2809 1102 2841; baseline -0.004 -7"><span class='ocrx_word' id='word_1_351' title='bbox 95 2811 167 2835; x_wconf 85' lang='lat' dir='ltr'>sinio</span> <span class='ocrx_word' id='word_1_352' title='bbox 183 2811 204 2835; x_wconf 89' lang='lat' dir='ltr'>C</span> <span class='ocrx_word' id='word_1_353' title='bbox 219 2825 248 2828; x_wconf 97' lang='lat'><strong>—</strong></span> <span class='ocrx_word' id='word_1_354' title='bbox 263 2815 294 2836; x_wconf 86' lang='grc'>23</span> <span class='ocrx_word' id='word_1_355' title='bbox 310 2812 388 2834; x_wconf 82' lang='lat' dir='ltr'>matri</span> <span class='ocrx_word' id='word_1_356' title='bbox 406 2811 428 2834; x_wconf 80' lang='lat' dir='ltr'><strong>R</strong></span> <span class='ocrx_word' id='word_1_357' title='bbox 444 2825 472 2828; x_wconf 90' lang='lat'><strong>—</strong></span> <span class='ocrx_word' id='word_1_358' title='bbox 492 2814 524 2834; x_wconf 72' lang='lat'>24</span> <span class='ocrx_word' id='word_1_359' title='bbox 539 2818 592 2841; x_wconf 86' lang='lat' dir='ltr'>qua</span> <span class='ocrx_word' id='word_1_360' title='bbox 609 2810 689 2841; x_wconf 82' lang='lat' dir='ltr'>pinea</span> <span class='ocrx_word' id='word_1_361' title='bbox 706 2810 728 2834; x_wconf 80' lang='lat' dir='ltr'><strong>R</strong></span> <span class='ocrx_word' id='word_1_362' title='bbox 744 2822 772 2826; x_wconf 94' lang='lat'>——</span> <span class='ocrx_word' id='word_1_363' title='bbox 794 2809 886 2832; x_wconf 84' lang='lat' dir='ltr'>fistula</span> <span class='ocrx_word' id='word_1_364' title='bbox 908 2809 1102 2838; x_wconf 83' lang='lat' dir='ltr'>&lt;plumbea&gt;</span> 
     </span>
     <span class='ocr_line' id='line_1_51' title="bbox 95 2852 1103 2884; baseline -0.004 -6"><span class='ocrx_word' id='word_1_365' title='bbox 95 2855 120 2878; x_wconf 89' lang='lat' dir='ltr'>R</span> <span class='ocrx_word' id='word_1_366' title='bbox 139 2867 169 2871; x_wconf 96' lang='lat'><strong>—</strong></span> <span class='ocrx_word' id='word_1_367' title='bbox 188 2858 220 2878; x_wconf 81' lang='lat'>25</span> <span class='ocrx_word' id='word_1_368' title='bbox 236 2862 306 2884; x_wconf 84' lang='lat' dir='ltr'>aqua</span> <span class='ocrx_word' id='word_1_369' title='bbox 322 2856 383 2884; x_wconf 78' lang='lat' dir='ltr'>(bis)</span> <span class='ocrx_word' id='word_1_370' title='bbox 400 2855 422 2878; x_wconf 81' lang='lat' dir='ltr'>R.</span> <span class='ocrx_word' id='word_1_371' title='bbox 442 2868 471 2871; x_wconf 97' lang='lat'><strong>—</strong></span> <span class='ocrx_word' id='word_1_372' title='bbox 493 2854 625 2878; x_wconf 77' lang='lat' dir='ltr'>Sabatina</span> <span class='ocrx_word' id='word_1_373' title='bbox 642 2854 661 2877; x_wconf 83' lang='lat' dir='ltr'>B</span> <span class='ocrx_word' id='word_1_374' title='bbox 685 2867 712 2870; x_wconf 98' lang='lat'><strong>—</strong></span> <span class='ocrx_word' id='word_1_375' title='bbox 733 2857 763 2876; x_wconf 81' lang='grc'>26</span> <span class='ocrx_word' id='word_1_376' title='bbox 780 2860 828 2883; x_wconf 83' lang='lat' dir='ltr'>per</span> <span class='ocrx_word' id='word_1_377' title='bbox 844 2860 899 2875; x_wconf 82' lang='lat' dir='ltr'>om.</span> <span class='ocrx_word' id='word_1_378' title='bbox 920 2852 942 2875; x_wconf 80' lang='lat' dir='ltr'>R</span> <span class='ocrx_word' id='word_1_379' title='bbox 958 2865 985 2869; x_wconf 89' lang='lat'>-</span> <span class='ocrx_word' id='word_1_380' title='bbox 1001 2856 1030 2875; x_wconf 87' lang='grc'>27</span> <span class='ocrx_word' id='word_1_381' title='bbox 1050 2858 1103 2881; x_wconf 79' lang='lat' dir='ltr'>que</span> 
     </span>
     <span class='ocr_line' id='line_1_52' title="bbox 96 2897 619 2928; baseline -0.002 -7"><span class='ocrx_word' id='word_1_382' title='bbox 96 2897 116 2921; x_wconf 89' lang='lat' dir='ltr'><strong>B</strong></span> <span class='ocrx_word' id='word_1_383' title='bbox 132 2911 162 2914; x_wconf 97' lang='lat'><strong>—</strong></span> <span class='ocrx_word' id='word_1_384' title='bbox 175 2905 239 2928; x_wconf 85' lang='lat' dir='ltr'>pars</span> <span class='ocrx_word' id='word_1_385' title='bbox 255 2906 310 2922; x_wconf 85' lang='grc'><strong>0111.</strong></span> <span class='ocrx_word' id='word_1_386' title='bbox 334 2899 352 2921; x_wconf 84' lang='grc' dir='ltr'>Β</span> <span class='ocrx_word' id='word_1_387' title='bbox 373 2912 398 2915; x_wconf 92' lang='lat'>—-</span> <span class='ocrx_word' id='word_1_388' title='bbox 414 2902 445 2922; x_wconf 82' lang='lat'>28</span> <span class='ocrx_word' id='word_1_389' title='bbox 462 2898 580 2928; x_wconf 81' lang='lat' dir='ltr'>aguliam</span> <span class='ocrx_word' id='word_1_390' title='bbox 597 2898 619 2920; x_wconf 77' lang='lat' dir='ltr'>R</span> 
     </span>
    </p>

    <p class='ocr_par' dir='ltr' id='par_1_16' title="bbox 92 2939 1103 3015">
     <span class='ocr_line' id='line_1_53' title="bbox 126 2939 1103 2968; baseline -0.004 -3"><span class='ocrx_word' id='word_1_391' title='bbox 126 2945 158 2966; x_wconf 75' lang='lat'>29</span> <span class='ocrx_word' id='word_1_392' title='bbox 172 2943 222 2965; x_wconf 78' lang='lat' dir='ltr'>Tit.</span> <span class='ocrx_word' id='word_1_393' title='bbox 238 2942 278 2965; x_wconf 73' lang='lat' dir='ltr'>Dr:</span> <span class='ocrx_word' id='word_1_394' title='bbox 290 2947 431 2966; x_wconf 63' lang='lat' dir='ltr'>sermono</span> <span class='ocrx_word' id='word_1_395' title='bbox 442 2942 554 2966; x_wconf 72' lang='lat' dir='ltr'>Bonum</span> <span class='ocrx_word' id='word_1_396' title='bbox 570 2947 644 2968; x_wconf 64' lang='lat' dir='ltr'>Quor&gt;</span> <span class='ocrx_word' id='word_1_397' title='bbox 659 2947 730 2964; x_wconf 67' lang='lat' dir='ltr'>‚unm</span> <span class='ocrx_word' id='word_1_398' title='bbox 743 2946 854 2963; x_wconf 73' lang='lat' dir='ltr'>orcirrn</span> <span class='ocrx_word' id='word_1_399' title='bbox 867 2940 886 2962; x_wconf 76' lang='grc' dir='ltr'>Β</span> <span class='ocrx_word' id='word_1_400' title='bbox 896 2953 925 2956; x_wconf 88' lang='grc'>-</span> <span class='ocrx_word' id='word_1_401' title='bbox 939 2943 970 2962; x_wconf 83' lang='grc'>33</span> <span class='ocrx_word' id='word_1_402' title='bbox 980 2939 1062 2962; x_wconf 77' lang='lat' dir='ltr'>ssoiali</span> <span class='ocrx_word' id='word_1_403' title='bbox 1080 2939 1103 2962; x_wconf 82' lang='lat' dir='ltr'>R</span> 
     </span>
     <span class='ocr_line' id='line_1_54' title="bbox 92 2983 1100 3015; baseline -0.004 -6"><span class='ocrx_word' id='word_1_404' title='bbox 92 2998 125 3002; x_wconf 92' lang='lat'>—</span> <span class='ocrx_word' id='word_1_405' title='bbox 138 2986 323 3009; x_wconf 85' lang='lat' dir='ltr'>terbeutinum</span> <span class='ocrx_word' id='word_1_406' title='bbox 339 2985 371 3015; x_wconf 78' lang='lat' dir='ltr'>R,</span> <span class='ocrx_word' id='word_1_407' title='bbox 383 2986 424 3009; x_wconf 83' lang='lat' dir='ltr'>vol</span> <span class='ocrx_word' id='word_1_408' title='bbox 439 2985 604 3009; x_wconf 61' lang='grc' dir='ltr'><strong>[εὔει-11111110</strong></span> <span class='ocrx_word' id='word_1_409' title='bbox 619 2985 667 3008; x_wconf 91' lang='lat' dir='ltr'>tib.</span> <span class='ocrx_word' id='word_1_410' title='bbox 683 2984 703 3007; x_wconf 87' lang='lat' dir='ltr'>B</span> <span class='ocrx_word' id='word_1_411' title='bbox 716 2997 743 3001; x_wconf 90' lang='lat'><em>—</em></span> <span class='ocrx_word' id='word_1_412' title='bbox 755 2987 786 3007; x_wconf 87' lang='grc'>35</span> <span class='ocrx_word' id='word_1_413' title='bbox 800 2983 938 3006; x_wconf 81' lang='lat' dir='ltr'>miro-ruit</span> <span class='ocrx_word' id='word_1_414' title='bbox 951 2984 1100 3012; x_wconf 76' lang='lat' dir='ltr'>ylossema.</span> 
     </span>
    </p>
   </div>
   <div class='ocr_carea' id='block_1_12' title="bbox 1225 351 2198 1966">
    <p class='ocr_par' dir='ltr' id='par_1_17' title="bbox 2132 351 2189 381">
     <span class='ocr_line' id='line_1_55' title="bbox 2132 351 2189 381; baseline 0.035 -2"><span class='ocrx_word' id='word_1_415' title='bbox 2132 351 2189 381; x_wconf 68' lang='lat'>269</span> 
     </span>
    </p>

    <p class='ocr_par' dir='ltr' id='par_1_18' title="bbox 1225 402 2191 1237">
     <span class='ocr_line' id='line_1_56' title="bbox 1268 402 2191 453; baseline 0.018 -22"><span class='ocrx_word' id='word_1_416' title='bbox 1268 402 1320 431; x_wconf 85' lang='lat' dir='ltr'>Est</span> <span class='ocrx_word' id='word_1_417' title='bbox 1336 408 1366 433; x_wconf 90' lang='lat' dir='ltr'>et</span> <span class='ocrx_word' id='word_1_418' title='bbox 1380 407 1545 437; x_wconf 71' lang='lat' dir='ltr'>castellum</span> <span class='ocrx_word' id='word_1_419' title='bbox 1561 411 1582 430; x_wconf 80' lang='lat'>⁵¹</span> <span class='ocrx_word' id='word_1_420' title='bbox 1600 412 1681 448; x_wconf 79' lang='lat' dir='ltr'>quod</span> <span class='ocrx_word' id='word_1_421' title='bbox 1699 412 1758 441; x_wconf 84' lang='lat' dir='ltr'>suit</span> <span class='ocrx_word' id='word_1_422' title='bbox 1775 414 1927 452; x_wconf 78' lang='lat' dir='ltr'>templum</span> <span class='ocrx_word' id='word_1_423' title='bbox 1945 416 2092 453; x_wconf 79' lang='lat' dir='ltr'>Adriani,</span> <span class='ocrx_word' id='word_1_424' title='bbox 2108 419 2191 448; x_wconf 88' lang='lat' dir='ltr'>sicut</span> 
     </span>
     <span class='ocr_line' id='line_1_57' title="bbox 1225 453 2189 504; baseline 0.021 -22"><span class='ocrx_word' id='word_1_425' title='bbox 1225 453 1362 491; x_wconf 77' lang='lat' dir='ltr'>legimus</span> <span class='ocrx_word' id='word_1_426' title='bbox 1381 457 1412 486; x_wconf 89' lang='grc'>111</span> <span class='ocrx_word' id='word_1_427' title='bbox 1435 468 1580 490; x_wconf 74' lang='lat' dir='ltr'>sermone</span> <span class='ocrx_word' id='word_1_428' title='bbox 1593 464 1617 482; x_wconf 73' lang='lat'>⁵²</span> <span class='ocrx_word' id='word_1_429' title='bbox 1635 464 1813 495; x_wconf 73' lang='lat' dir='ltr'>festivitatis</span> <span class='ocrx_word' id='word_1_430' title='bbox 1829 469 1927 497; x_wconf 86' lang='lat' dir='ltr'>sancti</span> <span class='ocrx_word' id='word_1_431' title='bbox 1949 470 2049 504; x_wconf 70' lang='lat' dir='ltr'>Petri,</span> <span class='ocrx_word' id='word_1_432' title='bbox 2070 471 2122 501; x_wconf 85' lang='lat' dir='ltr'>ubi</span> <span class='ocrx_word' id='word_1_433' title='bbox 2140 472 2189 502; x_wconf 89' lang='lat' dir='ltr'>di-</span> 
     </span>
     <span class='ocr_line' id='line_1_58' title="bbox 1226 507 2189 560; baseline 0.02 -25"><span class='ocrx_word' id='word_1_434' title='bbox 1226 507 1266 535; x_wconf 89' lang='lat' dir='ltr'>cit</span> <span class='ocrx_word' id='word_1_435' title='bbox 1288 517 1293 536; x_wconf 92' lang='lat'>:</span> <span class='ocrx_word' id='word_1_436' title='bbox 1313 510 1453 539; x_wconf 60' lang='lat' dir='ltr'>,ilerum-iu</span> <span class='ocrx_word' id='word_1_437' title='bbox 1479 514 1611 542; x_wconf 63' lang='lat' dir='ltr'>Adriani</span> <span class='ocrx_word' id='word_1_438' title='bbox 1641 517 1834 553; x_wconf 71' lang='lat' dir='ltr'>imperatoris</span> <span class='ocrx_word' id='word_1_439' title='bbox 1861 522 1935 549; x_wconf 75' lang='lat' dir='ltr'>mire</span> <span class='ocrx_word' id='word_1_440' title='bbox 1963 525 2189 560; x_wconf 63' lang='lat' dir='ltr'>inaquiludt&#39;nis</span> 
     </span>
     <span class='ocr_line' id='line_1_59' title="bbox 1227 563 2187 615; baseline 0.021 -27"><span class='ocrx_word' id='word_1_441' title='bbox 1227 563 1369 597; x_wconf 73' lang='lat' dir='ltr'>templum</span> <span class='ocrx_word' id='word_1_442' title='bbox 1388 571 1609 603; x_wconf 73' lang='lat' dir='ltr'>constructum,</span> <span class='ocrx_word' id='word_1_443' title='bbox 1627 570 1708 607; x_wconf 75' lang='lat' dir='ltr'>quod</span> <span class='ocrx_word' id='word_1_444' title='bbox 1728 574 1824 600; x_wconf 85' lang='lat' dir='ltr'>totum</span> <span class='ocrx_word' id='word_1_445' title='bbox 1837 574 1862 593; x_wconf 83' lang='lat'>⁵³</span> <span class='ocrx_word' id='word_1_446' title='bbox 1881 573 2039 612; x_wconf 74' lang='lat' dir='ltr'>lapidibus</span> <span class='ocrx_word' id='word_1_447' title='bbox 2059 585 2187 615; x_wconf 70' lang='lat' dir='ltr'>cooper-</span> 
     </span>
     <span class='ocr_line' id='line_1_60' title="bbox 1227 614 2186 661; baseline 0.022 -22"><span class='ocrx_word' id='word_1_448' title='bbox 1227 616 1292 641; x_wconf 89' lang='lat' dir='ltr'>tum</span> <span class='ocrx_word' id='word_1_449' title='bbox 1318 618 1346 642; x_wconf 84' lang='lat' dir='ltr'>et</span> <span class='ocrx_word' id='word_1_450' title='bbox 1369 614 1505 646; x_wconf 68' lang='lat' dir='ltr'>diversis</span> <span class='ocrx_word' id='word_1_451' title='bbox 1530 621 1657 657; x_wconf 59' lang='lat' dir='ltr'>ystoriis</span> <span class='ocrx_word' id='word_1_452' title='bbox 1683 627 1728 650; x_wconf 54' lang='lat' dir='ltr'>&lt;st</span> <span class='ocrx_word' id='word_1_453' title='bbox 1752 630 1967 661; x_wconf 48' lang='lat' dir='ltr'>perornatum.</span> <span class='ocrx_word' id='word_1_454' title='bbox 1990 629 2024 657; x_wconf 91' lang='lat' dir='ltr'>lu</span> <span class='ocrx_word' id='word_1_455' title='bbox 2052 631 2186 660; x_wconf 73' lang='lat' dir='ltr'>circuitu</span> 
     </span>
     <span class='ocr_line' id='line_1_61' title="bbox 1227 668 2186 717; baseline 0.021 -25"><span class='ocrx_word' id='word_1_456' title='bbox 1227 673 1300 694; x_wconf 83' lang='lat' dir='ltr'>vero</span> <span class='ocrx_word' id='word_1_457' title='bbox 1316 668 1465 697; x_wconf 79' lang='lat' dir='ltr'>cancellis</span> <span class='ocrx_word' id='word_1_458' title='bbox 1484 671 1563 699; x_wconf 65' lang='lat' dir='ltr'>ereis</span> <span class='ocrx_word' id='word_1_459' title='bbox 1581 674 1825 713; x_wconf 68' lang='lat' dir='ltr'>cl1C1111131·1›t111n</span> <span class='ocrx_word' id='word_1_460' title='bbox 1844 688 1916 707; x_wconf 69' lang='lat' dir='ltr'>rum</span> <span class='ocrx_word' id='word_1_461' title='bbox 1938 682 2114 717; x_wconf 71' lang='lat' dir='ltr'>pavonibus</span> <span class='ocrx_word' id='word_1_462' title='bbox 2130 692 2186 712; x_wconf 84' lang='lat' dir='ltr'>au-</span> 
     </span>
     <span class='ocr_line' id='line_1_62' title="bbox 1227 717 2190 768; baseline 0.022 -24"><span class='ocrx_word' id='word_1_463' title='bbox 1227 717 1289 746; x_wconf 84' lang='lat' dir='ltr'>reis</span> <span class='ocrx_word' id='word_1_464' title='bbox 1305 723 1333 747; x_wconf 74' lang='lat' dir='ltr'>et</span> <span class='ocrx_word' id='word_1_465' title='bbox 1352 724 1459 757; x_wconf 61' lang='lat' dir='ltr'>murm</span> <span class='ocrx_word' id='word_1_466' title='bbox 1481 732 1514 751; x_wconf 74' lang='lat' dir='ltr'>ex</span> <span class='ocrx_word' id='word_1_467' title='bbox 1533 725 1901 768; x_wconf 49' lang='grc'><strong>11111111151110101111011111</strong></span> <span class='ocrx_word' id='word_1_468' title='bbox 1922 738 1995 761; x_wconf 79' lang='lat' dir='ltr'>sunt</span> <span class='ocrx_word' id='word_1_469' title='bbox 2013 735 2044 763; x_wconf 91' lang='lat' dir='ltr'>iu</span> <span class='ocrx_word' id='word_1_470' title='bbox 2062 740 2190 766; x_wconf 79' lang='lat' dir='ltr'>cantaro</span> 
     </span>
     <span class='ocr_line' id='line_1_63' title="bbox 1228 771 2189 818; baseline 0.022 -21"><span class='ocrx_word' id='word_1_471' title='bbox 1228 771 1376 807; x_wconf 72' lang='lat' dir='ltr'>paradisi.</span> <span class='ocrx_word' id='word_1_472' title='bbox 1391 773 1426 801; x_wconf 90' lang='lat' dir='ltr'>Iu</span> <span class='ocrx_word' id='word_1_473' title='bbox 1449 774 1536 804; x_wconf 55' lang='lat' dir='ltr'><em>11110v</em></span> <span class='ocrx_word' id='word_1_474' title='bbox 1549 783 1651 814; x_wconf 67' lang='lat' dir='ltr'>partes</span> <span class='ocrx_word' id='word_1_475' title='bbox 1670 781 1775 818; x_wconf 55' lang='lat' dir='ltr'>templi</span> <span class='ocrx_word' id='word_1_476' title='bbox 1794 783 1880 813; x_wconf 81' lang='lat' dir='ltr'>suere</span> <span class='ocrx_word' id='word_1_477' title='bbox 1898 785 2189 818; x_wconf 53' lang='lat' dir='ltr'>[111¹rra1hallie1ei</span> 
     </span>
     <span class='ocr_line' id='line_1_64' title="bbox 1227 821 2188 873; baseline 0.022 -23"><span class='ocrx_word' id='word_1_478' title='bbox 1227 821 1386 859; x_wconf 86' lang='lat' dir='ltr'>deaurati;</span> <span class='ocrx_word' id='word_1_479' title='bbox 1412 826 1443 854; x_wconf 91' lang='lat' dir='ltr'>iu</span> <span class='ocrx_word' id='word_1_480' title='bbox 1467 837 1655 868; x_wconf 62' lang='lat' dir='ltr'>unaquaque</span> <span class='ocrx_word' id='word_1_481' title='bbox 1678 832 1781 862; x_wconf 67' lang='lat' dir='ltr'>fronte</span> <span class='ocrx_word' id='word_1_482' title='bbox 1810 840 1894 873; x_wconf 75' lang='lat' dir='ltr'>porte</span> <span class='ocrx_word' id='word_1_483' title='bbox 1919 848 2000 867; x_wconf 43' lang='grc'><strong>111-00.</strong></span> <span class='ocrx_word' id='word_1_484' title='bbox 2027 840 2059 869; x_wconf 88' lang='grc'>111</span> <span class='ocrx_word' id='word_1_485' title='bbox 2084 842 2188 872; x_wconf 85' lang='lat' dir='ltr'>medio</span> 
     </span>
     <span class='ocr_line' id='line_1_65' title="bbox 1227 875 2191 928; baseline 0.023 -26"><span class='ocrx_word' id='word_1_486' title='bbox 1227 875 1295 911; x_wconf 75' lang='lat' dir='ltr'>giro</span> <span class='ocrx_word' id='word_1_487' title='bbox 1312 878 1517 915; x_wconf 73' lang='lat' dir='ltr'>sepulchrum</span> <span class='ocrx_word' id='word_1_488' title='bbox 1538 882 1668 913; x_wconf 75' lang='lat' dir='ltr'>Adriani</span> <span class='ocrx_word' id='word_1_489' title='bbox 1686 886 1924 926; x_wconf 73' lang='lat' dir='ltr'>porsoreticuxn,</span> <span class='ocrx_word' id='word_1_490' title='bbox 1943 892 2024 928; x_wconf 73' lang='lat' dir='ltr'>quod</span> <span class='ocrx_word' id='word_1_491' title='bbox 2044 902 2128 923; x_wconf 83' lang='lat' dir='ltr'>nuuc</span> <span class='ocrx_word' id='word_1_492' title='bbox 2145 899 2191 924; x_wconf 74' lang='lat' dir='ltr'>est</span> 
     </span>
     <span class='ocr_line' id='line_1_66' title="bbox 1228 927 2190 984; baseline 0.022 -28"><span class='ocrx_word' id='word_1_493' title='bbox 1228 927 1392 959; x_wconf 81' lang='lat' dir='ltr'>Laterauis</span> <span class='ocrx_word' id='word_1_494' title='bbox 1405 933 1430 951; x_wconf 74' lang='lat'>⁵²</span> <span class='ocrx_word' id='word_1_495' title='bbox 1461 934 1664 970; x_wconf 78' lang='lat' dir='ltr'>sepulchrum</span> <span class='ocrx_word' id='word_1_496' title='bbox 1692 948 1767 976; x_wconf 70' lang='lat' dir='ltr'>pape</span> <span class='ocrx_word' id='word_1_497' title='bbox 1797 940 1996 980; x_wconf 74' lang='lat' dir='ltr'>Innocentii;</span> <span class='ocrx_word' id='word_1_498' title='bbox 2027 951 2190 984; x_wconf 72' lang='lat' dir='ltr'>cooperto-</span> 
     </span>
     <span class='ocr_line' id='line_1_67' title="bbox 1227 981 2186 1036; baseline 0.022 -27"><span class='ocrx_word' id='word_1_499' title='bbox 1227 981 1310 1011; x_wconf 87' lang='lat' dir='ltr'>rium</span> <span class='ocrx_word' id='word_1_500' title='bbox 1324 984 1348 1002; x_wconf 90' lang='lat'>⁵⁵</span> <span class='ocrx_word' id='word_1_501' title='bbox 1371 989 1416 1013; x_wconf 86' lang='lat' dir='ltr'>cst</span> <span class='ocrx_word' id='word_1_502' title='bbox 1438 985 1469 1013; x_wconf 90' lang='lat' dir='ltr'>in</span> <span class='ocrx_word' id='word_1_503' title='bbox 1496 988 1640 1024; x_wconf 78' lang='lat' dir='ltr'>paradiso</span> <span class='ocrx_word' id='word_1_504' title='bbox 1662 992 1763 1020; x_wconf 79' lang='lat' dir='ltr'>sancti</span> <span class='ocrx_word' id='word_1_505' title='bbox 1785 993 1866 1022; x_wconf 76' lang='lat' dir='ltr'>Petri</span> <span class='ocrx_word' id='word_1_506' title='bbox 1891 1004 1984 1033; x_wconf 77' lang='lat' dir='ltr'>super</span> <span class='ocrx_word' id='word_1_507' title='bbox 2005 999 2186 1036; x_wconf 76' lang='lat' dir='ltr'>sepulcrum</span> 
     </span>
     <span class='ocr_line' id='line_1_68' title="bbox 1228 1034 2186 1091; baseline 0.022 -30"><span class='ocrx_word' id='word_1_508' title='bbox 1228 1034 1366 1070; x_wconf 81' lang='lat' dir='ltr'>prefecti.</span> <span class='ocrx_word' id='word_1_509' title='bbox 1386 1036 1524 1067; x_wconf 74' lang='lat' dir='ltr'>Inferius</span> <span class='ocrx_word' id='word_1_510' title='bbox 1545 1044 1648 1070; x_wconf 79' lang='lat' dir='ltr'>autem</span> <span class='ocrx_word' id='word_1_511' title='bbox 1664 1048 1750 1080; x_wconf 87' lang='lat' dir='ltr'>porte</span> <span class='ocrx_word' id='word_1_512' title='bbox 1767 1054 1847 1081; x_wconf 74' lang='lat' dir='ltr'>eree,</span> <span class='ocrx_word' id='word_1_513' title='bbox 1862 1047 1976 1076; x_wconf 67' lang='lat' dir='ltr'>sicnt⁵⁶</span> <span class='ocrx_word' id='word_1_514' title='bbox 1995 1059 2078 1080; x_wconf 89' lang='lat' dir='ltr'>nunc</span> <span class='ocrx_word' id='word_1_515' title='bbox 2093 1060 2186 1091; x_wconf 86' lang='lat' dir='ltr'>appa-</span> 
     </span>
     <span class='ocr_line' id='line_1_69' title="bbox 1228 1087 2191 1142; baseline 0.022 -29"><span class='ocrx_word' id='word_1_516' title='bbox 1228 1091 1309 1115; x_wconf 88' lang='lat' dir='ltr'>rent.</span> <span class='ocrx_word' id='word_1_517' title='bbox 1330 1087 1395 1117; x_wconf 90' lang='lat' dir='ltr'>Hec</span> <span class='ocrx_word' id='word_1_518' title='bbox 1412 1097 1621 1121; x_wconf 80' lang='lat' dir='ltr'>monumenta</span> <span class='ocrx_word' id='word_1_519' title='bbox 1639 1104 1699 1132; x_wconf 80' lang='lat' dir='ltr'>que</span> <span class='ocrx_word' id='word_1_520' title='bbox 1715 1096 1856 1126; x_wconf 77' lang='lat' dir='ltr'>diximus</span> <span class='ocrx_word' id='word_1_521' title='bbox 1870 1102 1976 1129; x_wconf 90' lang='lat' dir='ltr'>omnia</span> <span class='ocrx_word' id='word_1_522' title='bbox 1995 1112 2048 1139; x_wconf 88' lang='lat' dir='ltr'>pro</span> <span class='ocrx_word' id='word_1_523' title='bbox 2065 1104 2191 1142; x_wconf 79' lang='lat' dir='ltr'>templis</span> 
     </span>
     <span class='ocr_line' id='line_1_70' title="bbox 1227 1139 2187 1193; baseline 0.021 -26"><span class='ocrx_word' id='word_1_524' title='bbox 1227 1139 1370 1169; x_wconf 85' lang='lat' dir='ltr'>dedicata</span> <span class='ocrx_word' id='word_1_525' title='bbox 1384 1147 1473 1171; x_wconf 84' lang='lat' dir='ltr'>erant</span> <span class='ocrx_word' id='word_1_526' title='bbox 1485 1149 1578 1182; x_wconf 70' lang='lat' dir='ltr'>atque</span> <span class='ocrx_word' id='word_1_527' title='bbox 1592 1148 1791 1178; x_wconf 74' lang='lat' dir='ltr'>confluebant</span> <span class='ocrx_word' id='word_1_528' title='bbox 1809 1151 1950 1182; x_wconf 74' lang='lat' dir='ltr'>Romane</span> <span class='ocrx_word' id='word_1_529' title='bbox 1964 1155 2102 1193; x_wconf 75' lang='lat' dir='ltr'>virgines</span> <span class='ocrx_word' id='word_1_530' title='bbox 2114 1166 2187 1187; x_wconf 89' lang='lat' dir='ltr'>cum</span> 
     </span>
     <span class='ocr_line' id='line_1_71' title="bbox 1229 1193 2062 1237; baseline 0.022 -18"><span class='ocrx_word' id='word_1_531' title='bbox 1229 1193 1319 1228; x_wconf 80' lang='lat' dir='ltr'>votis,</span> <span class='ocrx_word' id='word_1_532' title='bbox 1339 1194 1420 1223; x_wconf 86' lang='lat' dir='ltr'>sicut</span> <span class='ocrx_word' id='word_1_533' title='bbox 1438 1195 1515 1225; x_wconf 86' lang='lat' dir='ltr'>dicit</span> <span class='ocrx_word' id='word_1_534' title='bbox 1533 1197 1666 1228; x_wconf 81' lang='lat' dir='ltr'>Ovidius</span> <span class='ocrx_word' id='word_1_535' title='bbox 1682 1200 1715 1229; x_wconf 89' lang='lat' dir='ltr'>in</span> <span class='ocrx_word' id='word_1_536' title='bbox 1730 1200 1809 1232; x_wconf 86' lang='lat' dir='ltr'>libro</span> <span class='ocrx_word' id='word_1_537' title='bbox 1825 1203 2012 1235; x_wconf 83' lang='lat' dir='ltr'>Faustorum</span> <span class='ocrx_word' id='word_1_538' title='bbox 2028 1209 2062 1237; x_wconf 85' lang='lat'>⁵⁷.</span> 
     </span>
    </p>

    <p class='ocr_par' dir='ltr' id='par_1_19' title="bbox 1229 1245 2198 1966">
     <span class='ocr_line' id='line_1_72' title="bbox 1268 1245 2194 1299; baseline 0.022 -26"><span class='ocrx_word' id='word_1_539' title='bbox 1268 1245 1318 1273; x_wconf 89' lang='lat' dir='ltr'>Ad</span> <span class='ocrx_word' id='word_1_540' title='bbox 1338 1251 1457 1284; x_wconf 86' lang='lat' dir='ltr'>portam</span> <span class='ocrx_word' id='word_1_541' title='bbox 1478 1249 1710 1281; x_wconf 84' lang='lat' dir='ltr'>Flammiueam</span> <span class='ocrx_word' id='word_1_542' title='bbox 1732 1254 1803 1283; x_wconf 75' lang='lat' dir='ltr'>fecit</span> <span class='ocrx_word' id='word_1_543' title='bbox 1824 1256 2016 1288; x_wconf 83' lang='lat' dir='ltr'>Octavianus</span> <span class='ocrx_word' id='word_1_544' title='bbox 2035 1262 2194 1299; x_wconf 73' lang='lat' dir='ltr'>quoddam</span> 
     </span>
     <span class='ocr_line' id='line_1_73' title="bbox 1229 1297 2193 1351; baseline 0.021 -26"><span class='ocrx_word' id='word_1_545' title='bbox 1229 1297 1394 1327; x_wconf 86' lang='lat' dir='ltr'>castellum</span> <span class='ocrx_word' id='word_1_546' title='bbox 1411 1301 1495 1338; x_wconf 82' lang='lat' dir='ltr'>quod</span> <span class='ocrx_word' id='word_1_547' title='bbox 1515 1307 1642 1332; x_wconf 85' lang='lat' dir='ltr'>vocatur</span> <span class='ocrx_word' id='word_1_548' title='bbox 1659 1306 1839 1343; x_wconf 76' lang='lat' dir='ltr'>Augustum</span> <span class='ocrx_word' id='word_1_549' title='bbox 1856 1310 1890 1345; x_wconf 74' lang='lat'>⁵³,</span> <span class='ocrx_word' id='word_1_550' title='bbox 1913 1311 1965 1340; x_wconf 83' lang='lat' dir='ltr'>ubi</span> <span class='ocrx_word' id='word_1_551' title='bbox 1983 1314 2193 1351; x_wconf 64' lang='lat' dir='ltr'>sepelirentur</span> 
     </span>
     <span class='ocr_line' id='line_1_74' title="bbox 1230 1349 2192 1404; baseline 0.021 -26"><span class='ocrx_word' id='word_1_552' title='bbox 1230 1349 1454 1389; x_wconf 77' lang='lat' dir='ltr'>imperatores,</span> <span class='ocrx_word' id='word_1_553' title='bbox 1475 1355 1560 1392; x_wconf 85' lang='lat' dir='ltr'>quod</span> <span class='ocrx_word' id='word_1_554' title='bbox 1587 1356 1762 1388; x_wconf 83' lang='lat' dir='ltr'>tabulatum</span> <span class='ocrx_word' id='word_1_555' title='bbox 1784 1360 1844 1390; x_wconf 81' lang='lat' dir='ltr'>suit</span> <span class='ocrx_word' id='word_1_556' title='bbox 1865 1363 1998 1392; x_wconf 74' lang='lat' dir='ltr'>diversis</span> <span class='ocrx_word' id='word_1_557' title='bbox 2025 1366 2192 1404; x_wconf 73' lang='lat' dir='ltr'>lapidibus,</span> 
     </span>
     <span class='ocr_line' id='line_1_75' title="bbox 1230 1402 2194 1450; baseline 0.022 -20"><span class='ocrx_word' id='word_1_558' title='bbox 1230 1402 1322 1432; x_wconf 84' lang='lat' dir='ltr'>Intus</span> <span class='ocrx_word' id='word_1_559' title='bbox 1339 1404 1370 1433; x_wconf 91' lang='lat' dir='ltr'>in</span> <span class='ocrx_word' id='word_1_560' title='bbox 1393 1405 1500 1442; x_wconf 82' lang='lat' dir='ltr'>girum</span> <span class='ocrx_word' id='word_1_561' title='bbox 1515 1413 1562 1436; x_wconf 86' lang='lat' dir='ltr'>est</span> <span class='ocrx_word' id='word_1_562' title='bbox 1576 1417 1751 1440; x_wconf 83' lang='lat' dir='ltr'>concavum</span> <span class='ocrx_word' id='word_1_563' title='bbox 1769 1422 1824 1450; x_wconf 79' lang='lat' dir='ltr'>per</span> <span class='ocrx_word' id='word_1_564' title='bbox 1839 1415 1976 1446; x_wconf 80' lang='lat' dir='ltr'>occultas</span> <span class='ocrx_word' id='word_1_565' title='bbox 1994 1418 2071 1449; x_wconf 72' lang='lat' dir='ltr'>vias.</span> <span class='ocrx_word' id='word_1_566' title='bbox 2092 1420 2126 1449; x_wconf 86' lang='grc'>111</span> <span class='ocrx_word' id='word_1_567' title='bbox 2145 1421 2194 1450; x_wconf 91' lang='lat' dir='ltr'>in-</span> 
     </span>
     <span class='ocr_line' id='line_1_76' title="bbox 1230 1455 2195 1513; baseline 0.022 -30"><span class='ocrx_word' id='word_1_568' title='bbox 1230 1455 1339 1485; x_wconf 82' lang='lat' dir='ltr'>feriori</span> <span class='ocrx_word' id='word_1_569' title='bbox 1352 1457 1421 1494; x_wconf 82' lang='lat' dir='ltr'>giro</span> <span class='ocrx_word' id='word_1_570' title='bbox 1437 1464 1512 1489; x_wconf 86' lang='lat' dir='ltr'>suut</span> <span class='ocrx_word' id='word_1_571' title='bbox 1527 1461 1688 1500; x_wconf 80' lang='lat' dir='ltr'>sepulture</span> <span class='ocrx_word' id='word_1_572' title='bbox 1700 1464 1939 1503; x_wconf 83' lang='lat' dir='ltr'>imperatorum.</span> <span class='ocrx_word' id='word_1_573' title='bbox 1954 1470 1988 1498; x_wconf 90' lang='lat' dir='ltr'>In</span> <span class='ocrx_word' id='word_1_574' title='bbox 2005 1481 2195 1513; x_wconf 83' lang='lat' dir='ltr'>unaquaque</span> 
     </span>
     <span class='ocr_line' id='line_1_77' title="bbox 1231 1508 2196 1556; baseline 0.021 -20"><span class='ocrx_word' id='word_1_575' title='bbox 1231 1508 1394 1547; x_wconf 83' lang='lat' dir='ltr'>sepultura</span> <span class='ocrx_word' id='word_1_576' title='bbox 1421 1517 1496 1541; x_wconf 88' lang='lat' dir='ltr'>sunt</span> <span class='ocrx_word' id='word_1_577' title='bbox 1521 1512 1623 1544; x_wconf 83' lang='lat' dir='ltr'>littere</span> <span class='ocrx_word' id='word_1_578' title='bbox 1641 1515 1685 1545; x_wconf 87' lang='lat' dir='ltr'>ita</span> <span class='ocrx_word' id='word_1_579' title='bbox 1710 1517 1851 1548; x_wconf 76' lang='lat' dir='ltr'>diceutes</span> <span class='ocrx_word' id='word_1_580' title='bbox 1873 1532 1878 1548; x_wconf 92' lang='lat'>:</span> <span class='ocrx_word' id='word_1_581' title='bbox 1906 1522 1962 1551; x_wconf 77' lang='lat' dir='ltr'>Hec</span> <span class='ocrx_word' id='word_1_582' title='bbox 1983 1530 2054 1553; x_wconf 78' lang='lat' dir='ltr'>suut</span> <span class='ocrx_word' id='word_1_583' title='bbox 2078 1534 2143 1554; x_wconf 81' lang='lat' dir='ltr'>ossa</span> <span class='ocrx_word' id='word_1_584' title='bbox 2171 1533 2196 1556; x_wconf 80' lang='lat' dir='ltr'>et</span> 
     </span>
     <span class='ocr_line' id='line_1_78' title="bbox 1231 1563 2197 1618; baseline 0.02 -28"><span class='ocrx_word' id='word_1_585' title='bbox 1231 1563 1309 1591; x_wconf 81' lang='lat' dir='ltr'>cinis</span> <span class='ocrx_word' id='word_1_586' title='bbox 1321 1564 1414 1592; x_wconf 67' lang='lat' dir='ltr'>Nerva</span> <span class='ocrx_word' id='word_1_587' title='bbox 1431 1565 1624 1601; x_wconf 54' lang='lat' dir='ltr'>imperatoris</span> <span class='ocrx_word' id='word_1_588' title='bbox 1637 1574 1662 1597; x_wconf 76' lang='lat' dir='ltr'>et</span> <span class='ocrx_word' id='word_1_589' title='bbox 1676 1570 1804 1600; x_wconf 76' lang='lat' dir='ltr'>victoria</span> <span class='ocrx_word' id='word_1_590' title='bbox 1818 1582 1907 1609; x_wconf 79' lang='lat' dir='ltr'>quam</span> <span class='ocrx_word' id='word_1_591' title='bbox 1924 1576 2005 1610; x_wconf 78' lang='lat' dir='ltr'>fecit.</span> <span class='ocrx_word' id='word_1_592' title='bbox 2020 1578 2102 1607; x_wconf 76' lang='lat' dir='ltr'>Ante</span> <span class='ocrx_word' id='word_1_593' title='bbox 2118 1588 2197 1618; x_wconf 88' lang='lat' dir='ltr'>quos</span> 
     </span>
     <span class='ocr_line' id='line_1_79' title="bbox 1231 1615 2193 1669; baseline 0.02 -26"><span class='ocrx_word' id='word_1_594' title='bbox 1231 1615 1331 1644; x_wconf 84' lang='lat' dir='ltr'>stabat</span> <span class='ocrx_word' id='word_1_595' title='bbox 1347 1620 1448 1645; x_wconf 89' lang='lat' dir='ltr'>statua</span> <span class='ocrx_word' id='word_1_596' title='bbox 1464 1617 1513 1648; x_wconf 89' lang='lat' dir='ltr'>dei</span> <span class='ocrx_word' id='word_1_597' title='bbox 1537 1620 1603 1657; x_wconf 88' lang='lat' dir='ltr'>sui,</span> <span class='ocrx_word' id='word_1_598' title='bbox 1621 1621 1701 1651; x_wconf 88' lang='lat' dir='ltr'>sicut</span> <span class='ocrx_word' id='word_1_599' title='bbox 1717 1623 1750 1652; x_wconf 91' lang='lat' dir='ltr'>in</span> <span class='ocrx_word' id='word_1_600' title='bbox 1774 1624 1846 1654; x_wconf 80' lang='lat' dir='ltr'>aliis</span> <span class='ocrx_word' id='word_1_601' title='bbox 1862 1628 2012 1657; x_wconf 86' lang='lat' dir='ltr'>omnibus</span> <span class='ocrx_word' id='word_1_602' title='bbox 2029 1631 2193 1669; x_wconf 84' lang='lat' dir='ltr'>sepulcris.</span> 
     </span>
     <span class='ocr_line' id='line_1_80' title="bbox 1230 1667 2196 1720; baseline 0.02 -25"><span class='ocrx_word' id='word_1_603' title='bbox 1230 1667 1273 1696; x_wconf 80' lang='lat' dir='ltr'>In</span> <span class='ocrx_word' id='word_1_604' title='bbox 1294 1668 1398 1698; x_wconf 90' lang='lat' dir='ltr'>medio</span> <span class='ocrx_word' id='word_1_605' title='bbox 1423 1670 1639 1708; x_wconf 85' lang='lat' dir='ltr'>sepulcrorum</span> <span class='ocrx_word' id='word_1_606' title='bbox 1667 1674 1725 1713; x_wconf 82' lang='lat' dir='ltr'>[est</span> <span class='ocrx_word' id='word_1_607' title='bbox 1749 1676 1871 1716; x_wconf 80' lang='lat' dir='ltr'>absida]</span> <span class='ocrx_word' id='word_1_608' title='bbox 1898 1680 1949 1709; x_wconf 90' lang='lat' dir='ltr'>ubi</span> <span class='ocrx_word' id='word_1_609' title='bbox 1973 1690 2044 1720; x_wconf 89' lang='lat' dir='ltr'>sepe</span> <span class='ocrx_word' id='word_1_610' title='bbox 2067 1683 2196 1713; x_wconf 85' lang='lat' dir='ltr'>sedebat</span> 
     </span>
     <span class='ocr_line' id='line_1_81' title="bbox 1231 1719 2196 1766; baseline 0.018 -17"><span class='ocrx_word' id='word_1_611' title='bbox 1231 1719 1441 1759; x_wconf 78' lang='lat' dir='ltr'>Octavianus,</span> <span class='ocrx_word' id='word_1_612' title='bbox 1462 1724 1572 1763; x_wconf 77' lang='lat' dir='ltr'>ibique</span> <span class='ocrx_word' id='word_1_613' title='bbox 1589 1731 1679 1756; x_wconf 85' lang='lat' dir='ltr'>erant</span> <span class='ocrx_word' id='word_1_614' title='bbox 1697 1729 1872 1760; x_wconf 84' lang='lat' dir='ltr'>sacerdotes</span> <span class='ocrx_word' id='word_1_615' title='bbox 1889 1732 2038 1764; x_wconf 82' lang='lat' dir='ltr'>facientes</span> <span class='ocrx_word' id='word_1_616' title='bbox 2055 1744 2127 1765; x_wconf 86' lang='lat' dir='ltr'>suas</span> <span class='ocrx_word' id='word_1_617' title='bbox 2143 1746 2196 1766; x_wconf 85' lang='lat' dir='ltr'>ce-</span> 
     </span>
     <span class='ocr_line' id='line_1_82' title="bbox 1231 1773 2196 1824; baseline 0.018 -22"><span class='ocrx_word' id='word_1_618' title='bbox 1231 1773 1397 1804; x_wconf 86' lang='lat' dir='ltr'>rimonias.</span> <span class='ocrx_word' id='word_1_619' title='bbox 1414 1776 1459 1805; x_wconf 93' lang='lat' dir='ltr'>De</span> <span class='ocrx_word' id='word_1_620' title='bbox 1475 1778 1625 1808; x_wconf 88' lang='lat' dir='ltr'>omnibus</span> <span class='ocrx_word' id='word_1_621' title='bbox 1642 1781 1749 1818; x_wconf 66' lang='lat' dir='ltr'>regnis</span> <span class='ocrx_word' id='word_1_622' title='bbox 1770 1783 1862 1813; x_wconf 85' lang='lat' dir='ltr'>totius</span> <span class='ocrx_word' id='word_1_623' title='bbox 1873 1785 1959 1815; x_wconf 79' lang='lat' dir='ltr'>orbis</span> <span class='ocrx_word' id='word_1_624' title='bbox 1973 1787 2067 1824; x_wconf 84' lang='lat' dir='ltr'>jussit</span> <span class='ocrx_word' id='word_1_625' title='bbox 2083 1789 2196 1820; x_wconf 85' lang='lat' dir='ltr'>venire</span> 
     </span>
     <span class='ocr_line' id='line_1_83' title="bbox 1232 1828 2198 1880; baseline 0.019 -26"><span class='ocrx_word' id='word_1_626' title='bbox 1232 1834 1334 1855; x_wconf 90' lang='lat' dir='ltr'>unum</span> <span class='ocrx_word' id='word_1_627' title='bbox 1350 1828 1542 1859; x_wconf 86' lang='lat' dir='ltr'>cirothecam</span> <span class='ocrx_word' id='word_1_628' title='bbox 1560 1830 1693 1868; x_wconf 87' lang='lat' dir='ltr'>plenum</span> <span class='ocrx_word' id='word_1_629' title='bbox 1710 1833 1748 1863; x_wconf 86' lang='lat' dir='ltr'>de</span> <span class='ocrx_word' id='word_1_630' title='bbox 1764 1837 1856 1872; x_wconf 82' lang='lat' dir='ltr'>terra,</span> <span class='ocrx_word' id='word_1_631' title='bbox 1869 1846 1964 1875; x_wconf 86' lang='lat' dir='ltr'>quam</span> <span class='ocrx_word' id='word_1_632' title='bbox 1979 1840 2086 1877; x_wconf 88' lang='lat' dir='ltr'>posuit</span> <span class='ocrx_word' id='word_1_633' title='bbox 2101 1850 2198 1880; x_wconf 86' lang='lat' dir='ltr'>super</span> 
     </span>
     <span class='ocr_line' id='line_1_84' title="bbox 1233 1879 2196 1931; baseline 0.019 -24"><span class='ocrx_word' id='word_1_634' title='bbox 1233 1879 1403 1917; x_wconf 85' lang='lat' dir='ltr'>templum,</span> <span class='ocrx_word' id='word_1_635' title='bbox 1431 1886 1465 1910; x_wconf 91' lang='lat' dir='ltr'>ut</span> <span class='ocrx_word' id='word_1_636' title='bbox 1491 1888 1573 1912; x_wconf 86' lang='lat' dir='ltr'>esset</span> <span class='ocrx_word' id='word_1_637' title='bbox 1596 1884 1629 1913; x_wconf 90' lang='lat' dir='ltr'>in</span> <span class='ocrx_word' id='word_1_638' title='bbox 1654 1887 1841 1917; x_wconf 80' lang='lat' dir='ltr'>memoriam</span> <span class='ocrx_word' id='word_1_639' title='bbox 1870 1892 2020 1921; x_wconf 89' lang='lat' dir='ltr'>omnibus</span> <span class='ocrx_word' id='word_1_640' title='bbox 2045 1894 2196 1931; x_wconf 82' lang='lat' dir='ltr'>gentibus</span> 
     </span>
     <span class='ocr_line' id='line_1_85' title="bbox 1232 1931 1598 1966; baseline 0.016 -6"><span class='ocrx_word' id='word_1_641' title='bbox 1232 1931 1366 1961; x_wconf 82' lang='lat' dir='ltr'>Romam</span> <span class='ocrx_word' id='word_1_642' title='bbox 1383 1935 1598 1966; x_wconf 84' lang='lat' dir='ltr'>venientibus.</span> 
     </span>
    </p>
   </div>
   <div class='ocr_carea' id='block_1_13' title="bbox 1231 1984 2193 2067">
    <p class='ocr_par' dir='ltr' id='par_1_20' title="bbox 1231 1984 2193 2067">
     <span class='ocr_line' id='line_1_86' title="bbox 1270 1984 2193 2028; baseline 0.016 -15"><span class='ocrx_word' id='word_1_643' title='bbox 1270 1984 1306 2013; x_wconf 93' lang='lat' dir='ltr'>In</span> <span class='ocrx_word' id='word_1_644' title='bbox 1325 1985 1451 2023; x_wconf 79' lang='lat' dir='ltr'>fastigio</span> <span class='ocrx_word' id='word_1_645' title='bbox 1476 1987 1640 2018; x_wconf 79' lang='lat' dir='ltr'>Pantheon</span> <span class='ocrx_word' id='word_1_646' title='bbox 1663 1990 1776 2021; x_wconf 78' lang='lat' dir='ltr'>frontis</span> <span class='ocrx_word' id='word_1_647' title='bbox 1795 1993 1919 2023; x_wconf 83' lang='lat' dir='ltr'>stabant</span> <span class='ocrx_word' id='word_1_648' title='bbox 1941 1994 2003 2025; x_wconf 87' lang='lat' dir='ltr'>duo</span> <span class='ocrx_word' id='word_1_649' title='bbox 2027 1998 2108 2026; x_wconf 87' lang='lat' dir='ltr'>tauri</span> <span class='ocrx_word' id='word_1_650' title='bbox 2128 1999 2193 2028; x_wconf 89' lang='lat' dir='ltr'>erei</span> 
     </span>
     <span class='ocr_line' id='line_1_87' title="bbox 1231 2037 1433 2067; baseline 0.01 -2"><span class='ocrx_word' id='word_1_651' title='bbox 1231 2042 1260 2065; x_wconf 89' lang='lat' dir='ltr'>et</span> <span class='ocrx_word' id='word_1_652' title='bbox 1279 2037 1433 2067; x_wconf 85' lang='lat' dir='ltr'>deaurati.</span> 
     </span>
    </p>
   </div>
   <div class='ocr_carea' id='block_1_14' title="bbox 1229 2091 2195 2173">
    <p class='ocr_par' dir='ltr' id='par_1_21' title="bbox 1229 2091 2195 2173">
     <span class='ocr_line' id='line_1_88' title="bbox 1270 2091 2195 2140; baseline 0.016 -22"><span class='ocrx_word' id='word_1_653' title='bbox 1270 2091 1354 2119; x_wconf 89' lang='lat' dir='ltr'>Ante</span> <span class='ocrx_word' id='word_1_654' title='bbox 1371 2091 1523 2129; x_wconf 87' lang='lat' dir='ltr'>palatium</span> <span class='ocrx_word' id='word_1_655' title='bbox 1544 2093 1717 2125; x_wconf 78' lang='lat' dir='ltr'>Alexandri</span> <span class='ocrx_word' id='word_1_656' title='bbox 1732 2098 1755 2116; x_wconf 83' lang='lat'>⁵⁹</span> <span class='ocrx_word' id='word_1_657' title='bbox 1771 2097 1860 2128; x_wconf 77' lang='lat' dir='ltr'>suere</span> <span class='ocrx_word' id='word_1_658' title='bbox 1877 2099 1938 2129; x_wconf 91' lang='lat' dir='ltr'>duo</span> <span class='ocrx_word' id='word_1_659' title='bbox 1956 2102 2085 2140; x_wconf 87' lang='lat' dir='ltr'>templa,</span> <span class='ocrx_word' id='word_1_660' title='bbox 2104 2103 2195 2133; x_wconf 85' lang='lat' dir='ltr'>Flore</span> 
     </span>
     <span class='ocr_line' id='line_1_89' title="bbox 1229 2143 1386 2173; baseline 0.019 -3"><span class='ocrx_word' id='word_1_661' title='bbox 1229 2145 1258 2171; x_wconf 90' lang='lat' dir='ltr'>et</span> <span class='ocrx_word' id='word_1_662' title='bbox 1275 2143 1386 2173; x_wconf 83' lang='lat' dir='ltr'>Phebi.</span> 
     </span>
    </p>
   </div>
   <div class='ocr_carea' id='block_1_15' title="bbox 1230 2196 2194 2290">
    <p class='ocr_par' dir='ltr' id='par_1_22' title="bbox 1230 2196 2194 2290">
     <span class='ocr_line' id='line_1_90' title="bbox 1272 2196 2194 2247; baseline 0.016 -24"><span class='ocrx_word' id='word_1_663' title='bbox 1272 2196 1344 2225; x_wconf 79' lang='lat' dir='ltr'>Post</span> <span class='ocrx_word' id='word_1_664' title='bbox 1369 2197 1538 2234; x_wconf 85' lang='lat' dir='ltr'>palatium,</span> <span class='ocrx_word' id='word_1_665' title='bbox 1560 2199 1611 2229; x_wconf 89' lang='lat' dir='ltr'>ubi</span> <span class='ocrx_word' id='word_1_666' title='bbox 1639 2210 1726 2230; x_wconf 90' lang='lat' dir='ltr'>nunc</span> <span class='ocrx_word' id='word_1_667' title='bbox 1750 2207 1796 2231; x_wconf 88' lang='lat' dir='ltr'>est</span> <span class='ocrx_word' id='word_1_668' title='bbox 1820 2212 1932 2241; x_wconf 89' lang='lat' dir='ltr'>conca,</span> <span class='ocrx_word' id='word_1_669' title='bbox 1956 2206 2016 2235; x_wconf 78' lang='lat' dir='ltr'>fuit</span> <span class='ocrx_word' id='word_1_670' title='bbox 2041 2208 2194 2247; x_wconf 88' lang='lat' dir='ltr'>templum</span> 
     </span>
     <span class='ocr_line' id='line_1_91' title="bbox 1230 2247 1713 2290; baseline 0.012 -14"><span class='ocrx_word' id='word_1_671' title='bbox 1230 2247 1380 2286; x_wconf 74' lang='lat' dir='ltr'>Bellone3</span> <span class='ocrx_word' id='word_1_672' title='bbox 1399 2249 1442 2278; x_wconf 85' lang='lat' dir='ltr'>ibi</span> <span class='ocrx_word' id='word_1_673' title='bbox 1461 2250 1519 2279; x_wconf 82' lang='lat' dir='ltr'>suit</span> <span class='ocrx_word' id='word_1_674' title='bbox 1536 2252 1688 2290; x_wconf 75' lang='lat' dir='ltr'>scriptum</span> <span class='ocrx_word' id='word_1_675' title='bbox 1709 2266 1713 2282; x_wconf 92' lang='lat'>:</span> 
     </span>
    </p>
   </div>
   <div class='ocr_carea' id='block_1_16' title="bbox 1310 2354 2071 2431">
    <p class='ocr_par' dir='ltr' id='par_1_23' title="bbox 1310 2354 2071 2431">
     <span class='ocr_line' id='line_1_92' title="bbox 1310 2354 2071 2392; baseline 0.013 -14"><span class='ocrx_word' id='word_1_676' title='bbox 1310 2354 1396 2378; x_wconf 77' lang='lat' dir='ltr'>Roma</span> <span class='ocrx_word' id='word_1_677' title='bbox 1410 2358 1517 2379; x_wconf 80' lang='lat' dir='ltr'>vetusta</span> <span class='ocrx_word' id='word_1_678' title='bbox 1534 2357 1582 2387; x_wconf 70' lang='lat' dir='ltr'>sui,</span> <span class='ocrx_word' id='word_1_679' title='bbox 1599 2359 1646 2381; x_wconf 78' lang='lat' dir='ltr'>sed</span> <span class='ocrx_word' id='word_1_680' title='bbox 1664 2366 1736 2382; x_wconf 89' lang='lat' dir='ltr'>nunc</span> <span class='ocrx_word' id='word_1_681' title='bbox 1753 2367 1824 2384; x_wconf 78' lang='lat' dir='ltr'>nora</span> <span class='ocrx_word' id='word_1_682' title='bbox 1842 2362 1927 2385; x_wconf 80' lang='lat' dir='ltr'>Roma</span> <span class='ocrx_word' id='word_1_683' title='bbox 1942 2366 2071 2392; x_wconf 76' lang='lat' dir='ltr'>vocabor.</span> 
     </span>
     <span class='ocr_line' id='line_1_93' title="bbox 1397 2402 1969 2431; baseline 0.016 -9"><span class='ocrx_word' id='word_1_684' title='bbox 1397 2404 1475 2423; x_wconf 88' lang='lat' dir='ltr'>eruta</span> <span class='ocrx_word' id='word_1_685' title='bbox 1492 2402 1638 2426; x_wconf 83' lang='lat' dir='ltr'>ruderibus</span> <span class='ocrx_word' id='word_1_686' title='bbox 1655 2405 1762 2428; x_wconf 87' lang='lat' dir='ltr'>culmen</span> <span class='ocrx_word' id='word_1_687' title='bbox 1779 2407 1812 2429; x_wconf 85' lang='lat' dir='ltr'>ad</span> <span class='ocrx_word' id='word_1_688' title='bbox 1831 2407 1885 2430; x_wconf 79' lang='lat' dir='ltr'>alta</span> <span class='ocrx_word' id='word_1_689' title='bbox 1902 2408 1969 2431; x_wconf 81' lang='lat' dir='ltr'>fero.</span> 
     </span>
    </p>
   </div>
   <div class='ocr_carea' id='block_1_17' title="bbox 1267 2495 2191 2545">
    <p class='ocr_par' dir='ltr' id='par_1_24' title="bbox 1267 2495 2191 2545">
     <span class='ocr_line' id='line_1_94' title="bbox 1267 2495 2191 2545; baseline 0.014 -22"><span class='ocrx_word' id='word_1_690' title='bbox 1267 2495 1316 2524; x_wconf 89' lang='lat' dir='ltr'>Ad</span> <span class='ocrx_word' id='word_1_691' title='bbox 1335 2504 1465 2526; x_wconf 88' lang='lat' dir='ltr'>concam</span> <span class='ocrx_word' id='word_1_692' title='bbox 1484 2498 1644 2529; x_wconf 83' lang='lat' dir='ltr'>Parriouis</span> <span class='ocrx_word' id='word_1_693' title='bbox 1656 2502 1681 2521; x_wconf 83' lang='lat'>⁶⁰</span> <span class='ocrx_word' id='word_1_694' title='bbox 1698 2502 1757 2530; x_wconf 76' lang='lat' dir='ltr'>suit</span> <span class='ocrx_word' id='word_1_695' title='bbox 1778 2504 1932 2542; x_wconf 87' lang='lat' dir='ltr'>templum</span> <span class='ocrx_word' id='word_1_696' title='bbox 1950 2505 2031 2535; x_wconf 87' lang='lat' dir='ltr'>Gnei</span> <span class='ocrx_word' id='word_1_697' title='bbox 2049 2507 2191 2545; x_wconf 80' lang='lat' dir='ltr'>Pompeii</span> 
     </span>
    </p>
   </div>
   <div class='ocr_carea' id='block_1_18' title="bbox 1221 2678 2190 2714">
    <p class='ocr_par' dir='ltr' id='par_1_25' title="bbox 1221 2678 2190 2714">
     <span class='ocr_line' id='line_1_95' title="bbox 1221 2678 2190 2714; baseline 0.014 -14"><span class='ocrx_word' id='word_1_698' title='bbox 1221 2681 1227 2700; x_wconf 91' lang='grc'>1</span> <span class='ocrx_word' id='word_1_699' title='bbox 1250 2680 1300 2701; x_wconf 83' lang='lat' dir='ltr'>Til.</span> <span class='ocrx_word' id='word_1_700' title='bbox 1317 2678 1358 2702; x_wconf 70' lang='lat' dir='ltr'>DE</span> <span class='ocrx_word' id='word_1_701' title='bbox 1375 2686 1511 2705; x_wconf 43' lang='lat' dir='ltr'>ciisrssLro</span> <span class='ocrx_word' id='word_1_702' title='bbox 1533 2688 1628 2707; x_wconf 60' lang='lat' dir='ltr'>nosris</span> <span class='ocrx_word' id='word_1_703' title='bbox 1649 2684 1667 2707; x_wconf 87' lang='lat' dir='ltr'>B</span> <span class='ocrx_word' id='word_1_704' title='bbox 1687 2698 1714 2701; x_wconf 92' lang='lat'>—-</span> <span class='ocrx_word' id='word_1_705' title='bbox 1731 2690 1744 2708; x_wconf 87' lang='lat'>7</span> <span class='ocrx_word' id='word_1_706' title='bbox 1763 2687 1873 2710; x_wconf 84' lang='lat' dir='ltr'>suerunt</span> <span class='ocrx_word' id='word_1_707' title='bbox 1891 2688 1909 2710; x_wconf 87' lang='lat' dir='ltr'>B</span> <span class='ocrx_word' id='word_1_708' title='bbox 1928 2701 1955 2704; x_wconf 96' lang='lat'><strong>—</strong></span> <span class='ocrx_word' id='word_1_709' title='bbox 1979 2694 2000 2711; x_wconf 88' lang='grc'>11</span> <span class='ocrx_word' id='word_1_710' title='bbox 2024 2689 2148 2714; x_wconf 79' lang='lat' dir='ltr'>Laterani</span> <span class='ocrx_word' id='word_1_711' title='bbox 2167 2692 2190 2714; x_wconf 83' lang='grc' dir='ltr'>Α</span> 
     </span>
    </p>
   </div>
   <div class='ocr_carea' id='block_1_19' title="bbox 1185 2723 2189 2792">
    <p class='ocr_par' dir='ltr' id='par_1_26' title="bbox 1185 2723 2189 2792">
     <span class='ocr_line' id='line_1_96' title="bbox 1186 2723 2189 2764; baseline 0.015 -21"><span class='ocrx_word' id='word_1_712' title='bbox 1186 2734 1214 2738; x_wconf 95' lang='lat'>—</span> <span class='ocrx_word' id='word_1_713' title='bbox 1234 2723 1409 2752; x_wconf 82' lang='lat' dir='ltr'>sepulchrum</span> <span class='ocrx_word' id='word_1_714' title='bbox 1432 2732 1500 2754; x_wconf 73' lang='lat' dir='ltr'>pape</span> <span class='ocrx_word' id='word_1_715' title='bbox 1524 2726 1688 2759; x_wconf 70' lang='lat' dir='ltr'>innocentii]</span> <span class='ocrx_word' id='word_1_716' title='bbox 1711 2734 1773 2753; x_wconf 74' lang='lat' dir='ltr'>ante</span> <span class='ocrx_word' id='word_1_717' title='bbox 1793 2731 1933 2754; x_wconf 73' lang='lat' dir='ltr'>fulloniam</span> <span class='ocrx_word' id='word_1_718' title='bbox 1955 2732 2000 2756; x_wconf 71' lang='lat' dir='ltr'>BR</span> <span class='ocrx_word' id='word_1_719' title='bbox 2024 2746 2051 2750; x_wconf 90' lang='lat'><strong>—</strong></span> <span class='ocrx_word' id='word_1_720' title='bbox 2074 2741 2189 2764; x_wconf 86' lang='lat' dir='ltr'>cooper-</span> 
     </span>
     <span class='ocr_line' id='line_1_97' title="bbox 1185 2767 1530 2792; baseline 0.012 -5"><span class='ocrx_word' id='word_1_721' title='bbox 1185 2767 1242 2788; x_wconf 82' lang='lat' dir='ltr'>tum</span> <span class='ocrx_word' id='word_1_722' title='bbox 1259 2767 1281 2789; x_wconf 81' lang='grc' dir='ltr'>Α</span> <span class='ocrx_word' id='word_1_723' title='bbox 1299 2779 1328 2783; x_wconf 88' lang='lat'>--</span> <span class='ocrx_word' id='word_1_724' title='bbox 1349 2771 1375 2790; x_wconf 89' lang='grc'>15</span> <span class='ocrx_word' id='word_1_725' title='bbox 1392 2767 1493 2791; x_wconf 72' lang='lat' dir='ltr'>Romae</span> <span class='ocrx_word' id='word_1_726' title='bbox 1511 2770 1530 2792; x_wconf 87' lang='lat' dir='ltr'>B</span> 
     </span>
    </p>
   </div>
   <div class='ocr_carea' id='block_1_20' title="bbox 1185 2810 2190 2931">
    <p class='ocr_par' dir='ltr' id='par_1_27' title="bbox 1185 2810 2190 2931">
     <span class='ocr_line' id='line_1_98' title="bbox 1219 2810 2188 2852; baseline 0.013 -19"><span class='ocrx_word' id='word_1_727' title='bbox 1219 2813 1242 2833; x_wconf 86' lang='grc'>18</span> <span class='ocrx_word' id='word_1_728' title='bbox 1259 2810 1398 2839; x_wconf 68' lang='lat' dir='ltr'>Augustus</span> <span class='ocrx_word' id='word_1_729' title='bbox 1416 2811 1437 2835; x_wconf 68' lang='lat' dir='ltr'>P.</span> <span class='ocrx_word' id='word_1_730' title='bbox 1454 2825 1483 2828; x_wconf 90' lang='lat'>—</span> <span class='ocrx_word' id='word_1_731' title='bbox 1501 2816 1532 2836; x_wconf 83' lang='grc'>23</span> <span class='ocrx_word' id='word_1_732' title='bbox 1549 2814 1689 2837; x_wconf 72' lang='lat' dir='ltr'>victoriam</span> <span class='ocrx_word' id='word_1_733' title='bbox 1709 2816 1730 2838; x_wconf 72' lang='lat' dir='ltr'>st</span> <span class='ocrx_word' id='word_1_734' title='bbox 1750 2830 1777 2833; x_wconf 86' lang='lat'>—</span> <span class='ocrx_word' id='word_1_735' title='bbox 1797 2818 1869 2847; x_wconf 67' lang='lat' dir='ltr'>quod</span> <span class='ocrx_word' id='word_1_736' title='bbox 1889 2820 1907 2841; x_wconf 67' lang='lat' dir='ltr'>A</span> <span class='ocrx_word' id='word_1_737' title='bbox 1925 2832 1954 2836; x_wconf 96' lang='lat'><strong>—</strong></span> <span class='ocrx_word' id='word_1_738' title='bbox 1976 2824 2006 2844; x_wconf 84' lang='lat'>25</span> <span class='ocrx_word' id='word_1_739' title='bbox 2027 2825 2065 2844; x_wconf 79' lang='lat' dir='ltr'>est</span> <span class='ocrx_word' id='word_1_740' title='bbox 2083 2822 2188 2852; x_wconf 80' lang='lat' dir='ltr'>absida]</span> 
     </span>
     <span class='ocr_line' id='line_1_99' title="bbox 1185 2852 2190 2895; baseline 0.016 -22"><span class='ocrx_word' id='word_1_741' title='bbox 1185 2855 1249 2875; x_wconf 85' lang='lat' dir='ltr'>sunt</span> <span class='ocrx_word' id='word_1_742' title='bbox 1266 2852 1284 2877; x_wconf 92' lang='lat' dir='ltr'>C</span> <span class='ocrx_word' id='word_1_743' title='bbox 1304 2867 1332 2870; x_wconf 97' lang='lat'><strong>—</strong></span> <span class='ocrx_word' id='word_1_744' title='bbox 1356 2861 1419 2884; x_wconf 73' lang='lat' dir='ltr'>sepe</span> <span class='ocrx_word' id='word_1_745' title='bbox 1440 2862 1495 2878; x_wconf 68' lang='lat' dir='ltr'>cm.</span> <span class='ocrx_word' id='word_1_746' title='bbox 1522 2857 1543 2880; x_wconf 73' lang='lat' dir='ltr'>R</span> <span class='ocrx_word' id='word_1_747' title='bbox 1559 2870 1586 2874; x_wconf 82' lang='lat'><strong>—</strong></span> <span class='ocrx_word' id='word_1_748' title='bbox 1606 2862 1636 2881; x_wconf 78' lang='lat'>25</span> <span class='ocrx_word' id='word_1_749' title='bbox 1656 2860 1840 2888; x_wconf 62' lang='lat' dir='ltr'>querimonias</span> <span class='ocrx_word' id='word_1_750' title='bbox 1862 2862 1883 2885; x_wconf 83' lang='lat' dir='ltr'>R</span> <span class='ocrx_word' id='word_1_751' title='bbox 1903 2875 1931 2880; x_wconf 90' lang='lat'>—</span> <span class='ocrx_word' id='word_1_752' title='bbox 1951 2866 1982 2887; x_wconf 83' lang='lat'>28</span> <span class='ocrx_word' id='word_1_753' title='bbox 1998 2871 2109 2889; x_wconf 85' lang='lat' dir='ltr'>unam...</span> <span class='ocrx_word' id='word_1_754' title='bbox 2134 2866 2190 2895; x_wconf 81' lang='lat' dir='ltr'>ple-</span> 
     </span>
     <span class='ocr_line' id='line_1_100' title="bbox 1185 2898 1955 2931; baseline 0.014 -13"><span class='ocrx_word' id='word_1_755' title='bbox 1185 2902 1246 2918; x_wconf 86' lang='lat' dir='ltr'>nam</span> <span class='ocrx_word' id='word_1_756' title='bbox 1268 2898 1290 2919; x_wconf 73' lang='lat' dir='ltr'>A</span> <span class='ocrx_word' id='word_1_757' title='bbox 1310 2911 1339 2914; x_wconf 86' lang='lat'><strong>—</strong></span> <span class='ocrx_word' id='word_1_758' title='bbox 1362 2898 1394 2921; x_wconf 80' lang='lat' dir='ltr'>de</span> <span class='ocrx_word' id='word_1_759' title='bbox 1409 2906 1463 2924; x_wconf 71' lang='grc'><strong>11111,</strong></span> <span class='ocrx_word' id='word_1_760' title='bbox 1482 2902 1502 2922; x_wconf 66' lang='lat' dir='ltr'>A</span> <span class='ocrx_word' id='word_1_761' title='bbox 1520 2913 1547 2917; x_wconf 87' lang='lat'>—-</span> <span class='ocrx_word' id='word_1_762' title='bbox 1565 2909 1643 2931; x_wconf 73' lang='lat' dir='ltr'>quem</span> <span class='ocrx_word' id='word_1_763' title='bbox 1661 2903 1681 2925; x_wconf 71' lang='lat' dir='ltr'>l:</span> <span class='ocrx_word' id='word_1_764' title='bbox 1698 2917 1725 2919; x_wconf 97' lang='lat'><strong>—</strong></span> <span class='ocrx_word' id='word_1_765' title='bbox 1742 2908 1772 2927; x_wconf 82' lang='grc'>29</span> <span class='ocrx_word' id='word_1_766' title='bbox 1789 2907 1917 2929; x_wconf 59' lang='lat' dir='ltr'>memoria</span> <span class='ocrx_word' id='word_1_767' title='bbox 1934 2907 1955 2930; x_wconf 81' lang='lat' dir='ltr'>R</span> 
     </span>
    </p>
   </div>
   <div class='ocr_carea' id='block_1_21' title="bbox 1184 2943 2189 3014">
    <p class='ocr_par' dir='ltr' id='par_1_28' title="bbox 1184 2943 2189 3014">
     <span class='ocr_line' id='line_1_101' title="bbox 1215 2943 2189 2981; baseline 0.016 -19"><span class='ocrx_word' id='word_1_768' title='bbox 1215 2943 1246 2963; x_wconf 87' lang='lat'>32</span> <span class='ocrx_word' id='word_1_769' title='bbox 1261 2944 1286 2964; x_wconf 76' lang='lat' dir='ltr'>ot</span> <span class='ocrx_word' id='word_1_770' title='bbox 1303 2948 1358 2964; x_wconf 54' lang='grc'><strong>11111,</strong></span> <span class='ocrx_word' id='word_1_771' title='bbox 1376 2944 1397 2965; x_wconf 69' lang='lat' dir='ltr'>A</span> <span class='ocrx_word' id='word_1_772' title='bbox 1410 2956 1437 2959; x_wconf 89' lang='lat'>—</span> <span class='ocrx_word' id='word_1_773' title='bbox 1453 2947 1483 2967; x_wconf 85' lang='lat'>37</span> <span class='ocrx_word' id='word_1_774' title='bbox 1502 2945 1551 2967; x_wconf 72' lang='grc'><strong>1011</strong></span> <span class='ocrx_word' id='word_1_775' title='bbox 1569 2946 1589 2969; x_wconf 72' lang='lat' dir='ltr'>R</span> <span class='ocrx_word' id='word_1_776' title='bbox 1608 2960 1634 2962; x_wconf 96' lang='lat'><strong>—</strong></span> <span class='ocrx_word' id='word_1_777' title='bbox 1650 2951 1681 2970; x_wconf 83' lang='lat'>38</span> <span class='ocrx_word' id='word_1_778' title='bbox 1700 2954 1791 2971; x_wconf 45' lang='lat' dir='ltr'>erut-ru</span> <span class='ocrx_word' id='word_1_779' title='bbox 1810 2950 1831 2973; x_wconf 72' lang='lat' dir='ltr'>R</span> <span class='ocrx_word' id='word_1_780' title='bbox 1848 2963 1875 2966; x_wconf 93' lang='lat'>——</span> <span class='ocrx_word' id='word_1_781' title='bbox 1891 2952 2010 2981; x_wconf 62' lang='lat'>39152101</span> <span class='ocrx_word' id='word_1_782' title='bbox 2027 2953 2045 2975; x_wconf 84' lang='grc' dir='ltr'>Β</span> <span class='ocrx_word' id='word_1_783' title='bbox 2063 2966 2090 2970; x_wconf 96' lang='grc'><strong>-</strong></span> <span class='ocrx_word' id='word_1_784' title='bbox 2108 2953 2189 2977; x_wconf 83' lang='lat' dir='ltr'>Pom-</span> 
     </span>
     <span class='ocr_line' id='line_1_102' title="bbox 1184 2985 1285 3014; baseline 0.02 -8"><span class='ocrx_word' id='word_1_785' title='bbox 1184 2985 1247 3014; x_wconf 78' lang='lat' dir='ltr'>pegi</span> <span class='ocrx_word' id='word_1_786' title='bbox 1264 2985 1285 3008; x_wconf 78' lang='lat' dir='ltr'>R</span> 
     </span>
    </p>
   </div>
   <div class='ocr_carea' id='block_1_22' title="bbox 2247 899 2271 917">
    <p class='ocr_par' dir='ltr' id='par_1_29' title="bbox 2247 899 2271 917">
     <span class='ocr_line' id='line_1_103' title="bbox 2247 899 2271 917; baseline 0 0"><span class='ocrx_word' id='word_1_787' title='bbox 2247 899 2271 917; x_wconf 74' lang='lat' dir='ltr'>m</span> 
     </span>
    </p>
   </div>
   <div class='ocr_carea' id='block_1_23' title="bbox 2247 1159 2272 1178">
    <p class='ocr_par' dir='ltr' id='par_1_30' title="bbox 2247 1159 2272 1178">
     <span class='ocr_line' id='line_1_104' title="bbox 2247 1159 2272 1178; baseline 0.04 -1"><span class='ocrx_word' id='word_1_788' title='bbox 2247 1159 2272 1178; x_wconf 72' lang='lat' dir='ltr'>{J</span> 
     </span>
    </p>
   </div>
   <div class='ocr_carea' id='block_1_24' title="bbox 2250 1944 2276 1964">
    <p class='ocr_par' dir='ltr' id='par_1_31' title="bbox 2250 1944 2276 1964">
     <span class='ocr_line' id='line_1_105' title="bbox 2250 1944 2276 1964; baseline -0.038 0"><span class='ocrx_word' id='word_1_789' title='bbox 2250 1944 2276 1964; x_wconf 79' lang='lat'>30</span> 
     </span>
    </p>
   </div>
   <div class='ocr_carea' id='block_1_25' title="bbox 2249 2206 2275 2225">
    <p class='ocr_par' dir='ltr' id='par_1_32' title="bbox 2249 2206 2275 2225">
     <span class='ocr_line' id='line_1_106' title="bbox 2249 2206 2275 2225; baseline 0 0"><span class='ocrx_word' id='word_1_790' title='bbox 2249 2206 2275 2225; x_wconf 75' lang='lat'>³5</span> 
     </span>
    </p>
   </div>
  </div>
 </body>
</html>
