2392 3571
669 345 716 372 LE
739 345 886 374 LIBER
909 342 1144 373 CENSUUM
1170 343 1222 371 DE
1246 332 1430 371 L'tiGMSE
1454 343 1662 374 ROMAINE.
2153 343 2211 372 257

156 413 214 442 sito
230 411 345 446 habuit,
365 410 486 447 ideoque
500 409 607 438 amodo
620 409 719 438 dictus
734 410 878 438 dominus
892 418 973 446 papa
991 409 1035 437 cel
1049 409 1127 436 alter

154 473 212 502 pro
228 472 258 492 eo
276 467 450 500 potestatem
472 467 499 490 et
519 462 674 490 licentiam
696 462 802 489 habeat
822 461 933 489 dictam
956 461 1123 497 portionem

156 521 294 545 nostram
315 515 449 543 denotati
474 514 567 543 castri
595 523 662 542 cum
686 514 860 542 tenimentis
883 518 909 541 et
932 513 1128 550 pertinentiis

156 569 222 597 suis
240 568 325 596 iulus
339 572 366 595 et
384 566 496 602 deforis
514 571 611 595 tenere
632 571 658 594 et
679 567 776 601 facere
798 574 834 594 ete
855 574 886 593 co
907 565 1054 601 quicquid
1077 573 1127 593 eo-

158 621 251 650 luerit
265 628 390 656 semper.
410 620 540 656 Insuper
554 619 607 647 sub
620 628 698 656 pena
714 618 790 647 dicte
805 618 930 655 pecunie
943 618 1032 655 duple
1050 617 1129 646 vobis

153 681 211 711 pro
226 673 305 701 dicto
318 672 441 700 domino
454 680 534 708 papa
550 671 672 699 nomine
687 671 758 699 bone
770 675 796 698 et
809 670 1052 706 leqalisplejarie
1063 678 1129 706 pro-

156 725 312 753 mittimus
323 724 376 752 hoc
387 724 588 760 nostrumjus
600 732 639 751 an
656 723 750 760 ipsam
761 722 943 759 prelibatum
959 722 1127 759 portionem

156 781 293 805 nostram
308 776 389 804 nulli
400 776 458 804 alii
472 784 597 813 persone
608 775 760 812 obhqasse,
781 774 955 802 concessisse
973 783 1024 802 nec
1039 774 1131 802 aliter

157 829 317 858 alienasse.
334 829 471 857 Preterea
490 828 569 857 vobis
582 836 638 865 pro
653 827 732 856 dicto
747 827 870 855 domino
883 835 962 864 papa
974 831 1000 855 et
1014 835 1130 855 succes-

156 882 276 911 soribus
291 882 356 918 ejus
368 880 582 918 procuratorio
604 881 726 908 nomine
750 884 782 908 ut
805 880 920 908 dietum
943 884 984 907 est
1005 879 1131 916 piynori

155 934 302 972 ponimus
323 938 350 962 et
371 933 541 971 obligamus
562 937 589 961 et
609 942 664 970 pro
686 933 769 961 nobis
790 937 816 961 et
841 933 952 961 nostris
973 932 1131 960 heredibus

158 991 186 1015 et
210 986 446 1021 successoribus,
473 990 623 1022 quantum
651 985 689 1013 ad
713 986 916 1022 subscriptum
941 985 1126 1021 dampnum,

155 1039 184 1067 si
199 1038 354 1072 acciderit,
372 1037 512 1074 pertinet,
532 1037 638 1065 amodo
650 1037 790 1074 precario
803 1041 829 1064 et
845 1038 909 1073 ejus
926 1037 1048 1065 nomine
1061 1045 1131 1073 pos-

155 1091 292 1120 sidemus
315 1090 452 1119 videlicet
471 1099 573 1118 omnes
594 1099 639 1118 res
660 1095 686 1118 et
705 1090 902 1127 possessiones
924 1094 1042 1117 nostras
1065 1097 1130 1117 mo-

157 1144 230 1173 biles
244 1148 271 1172 et
291 1143 459 1172 immobiles
477 1143 523 1171 vel
542 1151 601 1171 sese
624 1147 774 1171 moventes
791 1151 866 1179 quas
882 1143 966 1178 infra
986 1142 1087 1171 Urbem
1105 1146 1131 1170 et

157 1197 271 1232 deforis
287 1196 431 1224 habemus
448 1196 494 1224 vel
509 1195 642 1224 habebim
650 1204 684 1223 us
692 1206 702 1230 ,·
722 1195 766 1223 itu
789 1200 888 1223 tamen
905 1196 932 1223 si
947 1203 1001 1232 per
1016 1195 1130 1231 oblissa-

157 1250 284 1284 tionem,
309 1249 524 1278 concessionem
549 1249 592 1276 rel
611 1249 776 1285 quamlibet
796 1248 1012 1277 alienationem
1035 1253 1095 1276 tam
1113 1256 1131 1276 a

157 1303 242 1332 nobis
257 1311 348 1339 quam
366 1311 382 1330 a
399 1301 478 1330 dicto
493 1301 565 1330 olim
584 1302 680 1330 Scotto
695 1306 820 1338 cognato
837 1306 936 1329 nostro
951 1306 978 1329 et
994 1301 1132 1329 Johanne

156 1355 223 1393 filio
242 1364 296 1383 suo
319 1359 476 1392 nepoteque
494 1359 594 1382 nostro
619 1354 662 1382 rel
678 1355 768 1382 etiam
791 1363 808 1382 a
829 1354 910 1382 dicta
933 1354 1058 1382 domina
1078 1355 1132 1382 Al-

157 1408 259 1437 druda
273 1416 373 1436 sorore
388 1412 500 1442 nostra,
521 1411 671 1444 quantum
687 1407 726 1435 ad
744 1408 972 1442 usumfructum
986 1407 1127 1444 pertinet,

156 1461 245 1490 modo
260 1460 390 1497 quolibet
404 1461 528 1495 factam,
545 1460 658 1496 atiquo,
678 1460 756 1496 quod
769 1460 854 1494 absit,
875 1460 907 1488 ‘in
923 1464 1052 1497 tempore
1065 1460 1132 1488 dic-

158 1518 208 1542 tus
222 1513 366 1541 dominus
380 1520 458 1549 papa
476 1513 520 1540 vel
534 1521 714 1540 successores
727 1513 792 1549 ejus
802 1521 837 1540 ex
848 1512 904 1540 hac
914 1521 1006 1540 causa
1022 1512 1132 1549 damp-

156 1574 233 1594 num
254 1564 380 1601 aliquod
397 1565 431 1592 de
443 1565 517 1601 jure
533 1565 646 1601 [ιαηι]ι
664 1565 872 1602 impensarum
897 1565 1019 1593 nomine
1038 1573 1132 1601 quam

156 1619 250 1648 aliter
258 1618 428 1655 patientur,
442 1617 551 1654 quanti
563 1617 622 1645 erit
632 1617 801 1654 dampnum
815 1622 936 1645 tantum
950 1618 1132 1646 auctoritate

155 1671 284 1708 propria
303 1674 461 1706 nostroque
482 1670 628 1698 vmandato
644 1669 722 1706 quod
739 1670 782 1698 eis
804 1670 936 1705 facimus
951 1670 986 1699 in
1001 1671 1089 1698 ‘rebus
1105 1675 1132 1698 et

153 1723 392 1762 possessionibus
408 1723 520 1751 nostris
529 1723 572 1751 eis
586 1722 775 1760 placentibus
784 1723 858 1759 jure
871 1723 1012 1759 piqnoris
1025 1727 1051 1751 et
1066 1723 1132 1760 ple-

150 1776 238 1814 jarie
258 1776 380 1804 nomine
406 1775 575 1811 vendicent,
600 1775 745 1812 capiendo
763 1780 790 1803 et
809 1775 974 1804 alienando
995 1780 1021 1804 et
1039 1776 1132 1804 eisin

157 1827 532 1863 omnibussatisfaciendo.
551 1828 587 1865 Eg
602 1828 630 1855 si
644 1827 850 1856 contradicere
868 1829 1127 1864 temptaverimus,

156 1890 176 1910 a
189 1881 264 1918 jttre
284 1880 362 1916 quod
381 1880 411 1908 in
431 1880 540 1908 eisdem
561 1880 647 1908 rebus
667 1880 811 1908 habemus
826 1881 951 1909 omnino
967 1881 1127 1916 cadamus,

157 1938 184 1962 et
204 1934 307 1971 ipsunt
326 1933 496 1970 dampnum
516 1933 644 1970 duplum
668 1933 790 1961 nomine
810 1933 881 1961 bone
900 1937 926 1961 et
948 1933 1054 1969 Ieyalis
1068 1934 1132 1970 ple-

149 1986 237 2024 jarie
256 1994 330 2022 pene
352 1985 474 2013 nomine
493 1985 608 2014 solvere
629 1990 656 2014 ct
677 1985 750 2014 dare
772 1986 830 2022 ipsi
851 1986 974 2014 domino
986 1995 1063 2023 pape
1089 1986 1133 2014 cel

154 2038 375 2068 successoribus
389 2038 454 2074 ejus
470 2047 526 2075 per
543 2047 592 2066 uos
604 2039 818 2075 procuratorio
835 2039 958 2066 nomine
972 2039 1132 2075 promitti-

156 2099 236 2119 mus.
252 2091 288 2118 Et
303 2091 333 2118 in
348 2091 411 2118 hiis
425 2091 566 2119 omnibus
582 2092 755 2126 refutamus
770 2100 857 2119 omne
867 2092 954 2127 juris
972 2092 1016 2119 cel
1032 2092 1131 2128 leyum

154 2151 208 2172 seu
225 2143 295 2171 boni
311 2152 385 2171 usus
403 2143 561 2172 auxilium
578 2143 658 2180 quod
676 2153 732 2181 pro
750 2144 832 2172 nobis
849 2145 882 2172 in
898 2144 954 2172 hac
970 2153 1062 2172 causa
1080 2145 1132 2172 ¹in-

158 2195 330 2225 troductum
348 2200 398 2231 est,
418 2196 460 2224 ita
475 2200 510 2224 ut
530 2196 653 2225 nullum
662 2196 718 2232 jus
731 2196 910 2232 nullamque
925 2197 1073 2225 actionem
1088 2197 1133 2225 vel

155 2249 357 2286 eoeceptionem
375 2248 523 2277 aduersus
537 2249 652 2277 dictum
670 2249 830 2276 dominum
846 2257 957 2285 papam
975 2253 1001 2277 et
1016 2258 1132 2277 succes-

156 2309 236 2330 sores
251 2302 316 2337 ejus
331 2300 370 2328 ad
385 2301 590 2337 infrinyenda
606 2310 663 2338 que
677 2301 760 2329 dicta
775 2305 848 2329 sunt
866 2302 1021 2330 valeamus
1041 2310 1132 2339 oppo-

156 2362 238 2382 nere.
257 2353 426 2382 Novissime
445 2357 549 2381 autem
563 2361 621 2390 pro
644 2353 730 2381 nobis
751 2357 778 2381 et
800 2355 913 2382 nostris
929 2354 1088 2383 heredibus
1106 2359 1132 2382 et

155 2406 377 2435 successoribus
393 2406 475 2434 vobis
488 2414 545 2443 pro
561 2405 641 2434 dicto
657 2405 781 2434 domino
794 2414 875 2443 papa
894 2411 920 2434 et
935 2407 999 2442 ejus
1013 2415 1132 2436 succes-

155 2458 276 2487 soribus
299 2459 516 2495 procuratorio
540 2459 678 2493 nomine,
704 2463 738 2486 ut
759 2458 950 2493 dictumest,
975 2467 1031 2495 que
1049 2459 1132 2488 dicta

155 2515 229 2540 sunt
245 2511 352 2539 onmia
371 2510 536 2545 observare,
557 2510 725 2547 adimplere
740 2515 766 2538 et
782 2515 890 2539 contra
907 2511 996 2539 nulla
1011 2512 1132 2540 ratione

156 2564 263 2592 venire
279 2564 493 2600 promittimus
512 2564 638 2591 nornine
657 2563 787 2600 plejarie
806 2568 832 2591 et
847 2564 1039 2600 principalis
1054 2565 1131 2592 obli-

156 2616 292 2653 gationis
312 2616 365 2644 sub
382 2624 463 2652 pena
485 2616 622 2652 legitima
645 2624 680 2644 επ
697 2616 849 2652 stipulatu
868 2616 1021 2652 promissa
1039 2616 1131 2644 totius

157 2669 366 2706 suprascripte
384 2669 514 2706 pecunie
535 2669 641 2705 duple,
667 2673 692 2696 et
715 2669 815 2696 soluta
832 2677 912 2705 pena
935 2669 986 2697 hec
1007 2669 1131 2697 cartula

153 2721 249 2759 firma
277 2726 469 2759 permaneat.
506 2721 604 2755 cham
635 2721 766 2750 scribere
798 2722 978 2758 roqaeimus
1012 2721 1130 2750 Johan-

155 2783 227 2803 nem
248 2775 354 2803 Leonis
372 2775 581 2804 scriniarium
603 2775 636 2802 in
656 2782 756 2802 mense
776 2778 801 2802 et
826 2774 994 2803 indictione
1017 2782 1129 2811 supra-

155 2828 273 2864 scripta
291 2835 348 2856 vn.

153 2983 178 3010 1.
195 2991 252 3009 nun
267 2984 325 3010 cod.

258 3044 344 3071 Lmen
364 3043 508 3072 Csnsuuu.
528 3058 565 3065 —
582 3043 608 3071 1.

1290 408 1401 436 Testes:
1417 408 1566 438 Girardus
1581 410 1735 445 Scrofani,
1750 409 1901 438 ¹Iohannis
1920 409 2050 438 Oddonis
2066 410 2211 446 Romani,

1245 460 1410 488 Rainerius
1424 461 1575 490 lobannis
1592 462 1692 493 Pauli,
1709 461 1861 489 ,lohannes
1881 461 2006 490 Bobonis
2023 461 2099 490 Boni
2112 461 2208 497 filius,

1246 511 1424 548 Siyinulfus
1439 513 1472 541 de
1489 513 1638 547 Buri-ella,
1657 513 1824 548 Adinulsus
1843 513 1984 542 Oddonis.

1288 565 1347 601 qu
1361 565 1514 594 Iohannes
1535 567 1651 599 Leonis,
1676 571 1778 594 sancte
1799 567 1929 594 Romane
1945 567 2062 595 ecclesie
2075 567 2213 595 serinia-

1248 618 1316 645 rius
1343 617 1454 646 habens
1480 623 1652 655 potestatem
1683 618 1779 646 dandi
1807 623 1933 646 tutorem
1965 623 1990 647 et
2021 624 2210 654 curatorem,

1249 670 1468 706 emancipandi
1489 675 1515 698 et
1537 671 1688 699 decretum
1713 671 1927 708 interponendi
1947 676 1972 699 et
1993 672 2141 699 alimenta
2162 671 2213 699 de-

1250 722 1408 757 cernendi,
1428 724 1574 760 complevi
1590 728 1615 751 et
1631 724 1756 751 absolvi.

1211 870 1355 900 XXIIII.
1372 887 1410 892 —
1426 871 1677 901 Issmmswruu
1694 880 1891 901 TESTAMENTI
1909 881 1939 901 is
1956 881 2017 906 Quo
2034 873 2214 903 Rmcmous

1252 932 1289 951 m:
1311 924 1433 956 AQmLA
1456 931 1554 952 comes
1579 924 1749 953 chofflus
1777 933 1965 954 cossmrurr
1994 935 2137 955 neminen
2161 935 2214 956 Ec-

1252 984 1381 1004 cnsssun
1402 977 1559 1005 Bonnam
1577 985 1613 1005 ni:
1629 985 1775 1005 CthTATE
1792 977 1953 1012 Fosnass,
1972 987 2010 1007 ετ
2029 988 2064 1007 οε
2080 987 2214 1009 amosis

1253 1036 1446 1062 QuoscquM
1465 1037 1650 1058 cASTnonon
1665 1030 1686 1057 ¹.

1292 1127 1327 1154 In
1357 1128 1478 1154 nomine
1507 1127 1557 1154 Dei
1583 1128 1694 1162 eterni,
1726 1137 1807 1156 anno
1835 1130 2058 1157 incarmitionis
2082 1130 2212 1166 ejusdem

1253 1179 1417 1207 millesimo
1445 1179 1541 1213 CCXI,
1574 1188 1672 1207 mense
1692 1181 1859 1216 januario,
1890 1182 1998 1209 ultimo
2025 1183 2087 1216 die,
2118 1187 2216 1211 stante

1254 1231 1420 1259 ¹indictione
1436 1232 1491 1266 ΧΓ,
1513 1237 1656 1267 rcqnante
1669 1232 1791 1260 domino
1806 1238 1904 1261 nostro
1916 1234 2070 1263 Frederico
2084 1236 2133 1263 Dei
2143 1244 2215 1271 yra-

1255 1285 1297 1312 tia
1311 1292 1375 1320 reye
1386 1284 1499 1318 Sicilie,
1515 1284 1645 1312 ducatus
1656 1286 1762 1321 Apulis·
1773 1290 1798 1313 et
1810 1286 2005 1322 prim-ipatus
2017 1287 2123 1324 Cupue.
2140 1288 2216 1321 (luia

1255 1336 1356 1365 labilis
1366 1341 1406 1364 est
1420 1337 1565 1365 memoria
1580 1337 1738 1365 hominum
1752 1343 1777 1365 et
1792 1348 1873 1365 mens
1884 1339 2020 1367 humana
2033 1340 2217 1368 sollicitudi-

1254 1390 1344 1418 nibus
1365 1394 1507 1426 oecuputa
1527 1391 1741 1426 preteritorum
1763 1391 1852 1426 [at-ile
1872 1392 2071 1426 obliviscitur,
2097 1393 2219 1429 sapien-

1255 1443 1331 1471 tium
1350 1442 1487 1479 procidit
1503 1442 1644 1471 discretio
1661 1448 1833 1470 contractus
1849 1443 2008 1471 hominum
2032 1445 2142 1472 litteris
2158 1454 2219 1481 pu-

1253 1495 1340 1523 blicis
1357 1495 1512 1522 adnotari.
1538 1495 1605 1522 Ideo
1626 1503 1678 1523 nos
1699 1496 1861 1523 RJccnrdus
1884 1496 1917 1523 de
1940 1497 2050 1533 ,iquilri
2070 1497 2170 1525 eadem
2193 1502 2218 1525 el

1253 1549 1337 1584 *reyia
1350 1548 1453 1584 qratia
1469 1547 1619 1575 secundus
1631 1548 1802 1575 Fundanus
1818 1558 1920 1577 comes.
1940 1549 2132 1577 (attendentes
2145 1558 2220 1585 quo-

1254 1600 1340 1628 modo
1357 1604 1455 1628 nostre
1473 1600 1680 1627 humanitatis
1697 1601 1855 1636 frayilitus
1873 1601 1926 1628 (liu
1943 1601 2090 1629 humanis
2104 1602 2220 1629 sollici-

1255 1653 1414 1696 tudinibus
1431 1653 1580 1689 implicita
1604 1653 1699 1680 multa
1723 1658 1749 1680 et
1774 1654 1860 1681 curia
1882 1654 2060 1681 incurrisset
2081 1659 2214 1691 peccata.

1253 1706 1364 1734 divina
1385 1705 1488 1741 qratia
1515 1705 1686 1742 inspirante
1709 1706 1747 1733 ad
1772 1706 1802 1733 id
1825 1715 1978 1734 recurrere
2002 1707 2220 1741 festinavimus

1254 1758 1332 1795 quod
1350 1758 1432 1786 nobis
1444 1758 1571 1786 salutem
1589 1759 1687 1795 pariet
1702 1764 1727 1786 et
1746 1759 1910 1786 remedium
1928 1764 2126 1795 peccatorum.
2146 1760 2219 1788 Inde

1253 1816 1295 1839 est
1309 1811 1413 1846 utique
1426 1810 1583 1846 quodcum
1601 1815 1809 1838 testamentum
1825 1811 1864 1838 sit
1881 1812 1990 1838 ultima
2005 1813 2121 1839 testatio
2136 1822 2220 1839 men-

1255 1863 1306 1898 tis,
1332 1872 1384 1890 nos
1402 1863 1590 1899 presentibus
1611 1863 1722 1890 litteris
1743 1864 1987 1900 nuncupativum
2007 1869 2215 1892 testamentum

1253 1916 1397 1950 facientes
1412 1915 1444 1942 ob
1461 1915 1659 1943 reem-entium
1683 1916 1732 1943 Dei
1753 1920 1779 1942 et
1801 1921 1899 1943 nostre
1919 1917 2030 1943 salutis
2049 1917 2215 1951 obtentum,

1253 1972 1389 1996 sanctam
1409 1968 1572 1995 Romanam
1592 1967 1743 1995 ecclesiam
1762 1969 1812 1995 cui
1828 1973 1948 1995 auctore
1963 1969 2016 1996 1)ιό
2034 1969 2177 1997 dominus
2193 1973 2219 1996 et

1255 2021 1520 2049 reverentissimus
1545 2025 1631 2056 puter
1659 2025 1757 2048 noster
1782 2020 1978 2048 Innocentius
2005 2022 2111 2048 tertius
2138 2030 2218 2057 papa

1251 2082 1366 2112 preesse
1381 2073 1572 2110 dt'qnoscitur
1587 2073 1621 2101 de
1637 2074 1760 2101 civitate
1782 2079 1883 2101 nostru
1904 2074 2054 2101 Fundana
2070 2083 2136 2102 cum
2154 2082 2219 2102 om-

1256 2127 1344 2154 nibus
1363 2126 1536 2154 lenimentis
1558 2130 1584 2153 et
1607 2125 1774 2153 redditibus
1796 2127 1873 2159 suis,
1897 2135 1963 2153 cum
1988 2127 2090 2163 aquis,
2114 2127 2216 2161 silvis,

1252 2180 1384 2217 pascuis,
1401 2179 1555 2216 piscariis,
1573 2179 1838 2215 aucupationibus.
1858 2180 2020 2213 montanis,
2040 2179 2216 2213 maritimis,

1254 2237 1280 2261 et
1299 2232 1438 2260 omnibus
1455 2232 1651 2268 pertinentiis
1666 2232 1731 2259 suis
1747 2232 1882 2259 heredem
1905 2232 2111 2267 instituimus,
2136 2232 2220 2260 salvo

1254 2285 1286 2313 in
1304 2294 1372 2313 omn
1380 2285 1444 2312 ibus
1456 2289 1482 2312 et
1492 2293 1547 2321 per
1560 2285 1663 2312 omnia
1678 2284 1854 2311 hominibus
1869 2285 1979 2312 nostris
1992 2286 2127 2313 civitatis
2139 2286 2220 2320 eJ'us-

1253 2337 1317 2366 dem
1333 2337 1499 2374 pri'rilcyio
1515 2337 1663 2365 libertatis
1676 2342 1702 2365 et
1718 2338 1927 2365 immunitatis
1943 2337 2021 2373 quod
2037 2338 2079 2365 eis
2093 2337 2222 2372 ferimus

1253 2394 1280 2418 et
1294 2398 1396 2418 eorum
1415 2389 1574 2417 heredibus
1593 2389 1623 2417 iu
1641 2394 1835 2426 perpetuum.
1857 2390 1952 2417 sulcis
1972 2390 2061 2417 etiam
2082 2389 2221 2417 omnibus

1249 2547 1273 2573 1.
1297 2546 1326 2573 31
1349 2546 1462 2580 jam-iei-
1488 2546 1564 2572 1'21‘2.
1581 2559 1617 2565 —-
1632 2545 1788 2580 Rayzfflldi,
1810 2548 1849 2571 An
1865 2554 1882 2571 t.
1906 2546 1976 2571 Eccl.
1997 2546 2032 2571 ad
2054 2553 2121 2572 ann.
2142 2545 2217 2576 1‘311,

1211 2603 1236 2621 c.
1255 2596 1281 2622 5.
1303 2610 1335 2613 —
1350 2594 1517 2621 Testament
1533 2595 1568 2620 de
1586 2595 1710 2620 Richard
1728 2594 1877 2628 d‘Aquila,
1899 2600 1993 2619 comte
2009 2594 2043 2619 do
2059 2593 2165 2625 Fomii,
2183 2602 2218 2619 en

1211 2643 1311 2669 faveur
1322 2644 1356 2668 de
1369 2642 1485 2676 l'Eglise
1497 2643 1635 2669 romaine.
1654 2642 1675 2668 lt
1692 2643 1732 2668 lui
1749 2643 1834 2668 luisse
1848 2643 1870 2667 tu
1882 2642 1938 2667 cite
1949 2643 1983 2667 de
1995 2642 2083 2667 Fundi
2096 2650 2166 2668 avec
2177 2642 2220 2668 les

1211 2692 1352 2717 chateaux
1373 2691 1408 2716 de
1425 2690 1603 2721 Vallecorsa,
1624 2690 1706 2723 Pico,
1723 2690 1886 2721 Ambrisiu,
1911 2691 2076 2724 Aquaviva,
2098 2690 2220 2724 Campo-

1211 2739 1325 2765 dimele.
1344 2739 1399 2765 Les
1415 2739 1489 2765 deux
1508 2739 1665 2773 premieres
1681 2739 1809 2765 locantes
1826 2739 1951 2764 existent
1968 2747 2088 2770 encore,
2104 2743 2133 2764 et
2148 2739 2167 2764 ιἸ
2183 2747 2218 2764 en

1211 2791 1256 2813 est
1270 2787 1306 2812 de
1321 2788 1413 2813 meme
1429 2786 1463 2812 de
1480 2785 1701 2821 Campodimele.
1720 2786 1816 2817 Quaut
1831 2788 1845 2811 in
1864 2786 2008 2812 Ambrisin
2020 2807 2026 2818 ,
2047 2794 2079 2811 sa
2099 2787 2219 2820 popula-

1211 2836 1270 2862 tiou
1287 2835 1357 2861 s'est
1373 2837 1554 2869 transportee
1577 2843 1612 2860 un
1637 2843 1691 2868 peu
1711 2843 1746 2860 au
1770 2834 1841 2865 sud,
1861 2836 1876 2859 a
1896 2834 2010 2860 Lcnota.
2031 2834 2220 2869 D'Aquaviva

1209 2884 1229 2910 il
1245 2892 1280 2910 ne
1297 2888 1372 2910 reste
1387 2884 1493 2918 qu'une
1509 2883 1600 2914 ruine,
1618 2883 1689 2909 daus
1705 2883 1730 2908 la
1747 2887 1902 2916 montagne
1915 2887 1996 2909 entre
2013 2882 2178 2909 Valleeorsa
2192 2887 2222 2908 et

1210 2932 1313 2958 Fondi.
1334 2932 1372 2958 Ce
1391 2936 1546 2958 testament
1563 2932 1604 2957 fut
1619 2931 1772 2962 confirm&5
1795 2939 1829 2956 en
1846 2931 1916 2956 avril
1933 2931 2063 2964 suivant,
2084 2940 2133 2965 pai·
2151 2930 2220 2957 F'rt‘z·

1212 2981 1292 3007 derio
1305 2979 1349 3013 11,
1366 2980 1434 3006 dont
1451 2980 1477 3006 la
1493 2981 1591 3006 charte
1607 2988 1638 3006 se
1655 2983 1757 3006 trouve
1776 2979 1954 3010 ci—dessous,
1973 2985 2003 3005 12⁰
2021 2978 2165 3005 xxvln.

2047 3041 2079 3068 33
