2476 3581
704 377 755 406 LE
778 377 922 407 LIBER
945 375 1179 407 CENSUUM
1203 376 1257 406 DE
1280 366 1467 408 L'IiGLISE
1491 379 1700 409 ROMAINE.
2190 379 2249 410 287

155 439 236 467 LIIII
250 441 274 467 b.
297 455 330 459 —
352 440 413 468 ISTA
430 450 478 468 esi·
494 450 622 474 LlTTEnA,
639 451 712 472 Qum
730 442 919 470 Lcenuuensts
935 450 1161 470 Anciilssniscorus

190 496 352 516 DESTlNAVIT
363 491 384 518 ¹.

226 604 418 632 sanctissimo
441 607 512 641 patri
533 615 566 633 nc
582 607 697 633 domino
715 607 854 642 Gregorio
873 607 923 634 Dei
940 608 1030 641 gratia
1047 615 1160 633 summo

189 653 330 687 pontifici,
342 653 483 681 Radulfus
494 655 546 681 Dei
558 659 585 681 et
596 655 640 681 sui
655 656 837 682 miseratione
847 659 945 682 sancte
956 655 1160 689 Lugdunensis

189 701 313 728 ecclesie
337 703 469 729 minister
492 704 624 734 humilis,
646 707 742 738 optata
764 707 792 730 et
814 704 916 730 devota
938 703 1041 737 pedum
1063 703 1161 729 oscula

191 749 351 777 beatorum.
378 751 498 777 Noverit
523 752 662 778 sanctitas
686 756 796 785 vestra,
819 752 894 786 quod
919 760 984 778 cum
1009 751 1160 777 venerabi-

191 798 267 825 libus
285 799 415 832 pau-ibus
439 821 456 825 ..
480 799 709 826 Claromontensi
729 804 756 826 et
772 800 922 826 Aniciensi
939 800 1084 834 episcopis
1102 801 1161 834 pal-

191 846 260 872 lium
276 846 310 872 ab
332 847 404 881 ipsis
421 847 489 873 milii
511 847 680 874 tradendum
698 848 869 878 misissetis,
889 850 927 875 ita
943 849 1018 882 quod
1035 849 1059 874 si
1076 849 1159 875 ambo

190 896 333 921 interesse
351 903 404 921 non
423 898 542 929 possent
558 895 629 921 alter
642 896 718 921 istud
737 896 940 923 nichilominus
957 901 1158 931 exequeretur,

189 953 205 970 a
229 943 345 970 domino
365 944 515 970 Aniciensi
540 945 608 970 illud
627 945 779 978 recipiens,
797 945 913 971 domino
931 945 1159 971 Claromontensi

189 1000 240 1026 per
264 1000 334 1018 suas
355 996 486 1026 patentes
510 993 620 1019 litteras
644 992 771 1026 legitime
794 996 943 1025 excusato,
963 995 1159 1027 juramentum

188 1040 336 1066 fidelitatis
353 1041 380 1067 in
397 1049 481 1066 manu
498 1040 605 1067 domini
623 1041 791 1067 Aniciensis
808 1041 922 1067 nomine
939 1045 1034 1067 vestro
1050 1044 1078 1067 et
1100 1041 1161 1067 Ro-

189 1097 272 1115 mane
288 1089 411 1115 ecclesie
424 1089 536 1123 prestiti
547 1090 602 1115 sub
615 1089 667 1115 hac
681 1090 773 1115 forma
792 1100 797 1115 :
816 1100 828 1112 «
847 1089 907 1123 Ego
925 1089 1068 1116 Radulfus
1084 1090 1160 1123 Lug-

187 1138 329 1164 dunensis
343 1138 581 1172 archiepiscopus
592 1138 626 1164 ab
638 1138 691 1165 hac
702 1139 771 1164 hora
784 1139 810 1165 in
822 1142 904 1164 antea
916 1138 1008 1164 fidelis
1024 1141 1052 1163 et
1068 1138 1159 1164 hobe-

188 1186 272 1212 diens
288 1193 336 1212 ero
353 1186 435 1212 beato
450 1186 534 1212 Petro
545 1190 702 1221 sancteque
718 1187 874 1220 apostolice
892 1186 1020 1212 Romane
1037 1187 1160 1213 ecclesie

187 1238 217 1262 et
231 1234 348 1261 domino
364 1243 427 1261 meo
445 1243 516 1269 pape
531 1234 683 1269 Gregorio,
700 1236 820 1269 suisque
832 1236 1056 1262 successoribus
1073 1243 1160 1262 cano-

188 1283 252 1309 nice
270 1283 453 1309 intrantibus.
471 1283 534 1309 Non
551 1292 599 1309 ero
616 1284 643 1309 in
661 1283 782 1309 consilio
798 1287 847 1309 aut
863 1291 1010 1310 consensu
1027 1283 1071 1309 vel
1085 1284 1159 1310 facto

189 1334 220 1358 ut
230 1332 317 1357 vitam
331 1331 450 1365 perdant
464 1334 514 1358 aut
530 1332 690 1358 membrum
705 1335 754 1358 aut
765 1332 915 1366 capiantur
928 1333 999 1358 mala
1015 1333 1158 1367 captione.

188 1379 346 1406 Consilium
373 1388 441 1406 vero
466 1380 542 1414 quod
569 1381 638 1407 mihi
663 1380 799 1407 credituri
824 1384 893 1407 sunt
921 1389 971 1415 per
995 1389 1026 1407 so
1041 1384 1090 1407 aut
1111 1390 1160 1416 per

188 1428 305 1455 nuntios
325 1436 395 1454 suos
416 1428 477 1455 sive
499 1437 549 1463 per
568 1429 676 1455 litteras
692 1428 726 1455 ad
742 1437 841 1455 eorum
860 1429 1014 1464 dampnum
1031 1438 1075 1455 me
1093 1437 1160 1456 nes-

186 1476 282 1502 ciente
298 1476 405 1502 nemini
421 1477 553 1511 pandam.
574 1477 712 1511 papatum
731 1477 893 1504 Romanum
908 1481 935 1503 et
949 1478 1054 1512 regalia
1066 1478 1159 1504 sancti

188 1524 266 1551 Petri
286 1525 401 1559 adiutor
421 1525 464 1552 eis
484 1533 533 1551 ero
554 1525 588 1552 ad
611 1525 792 1552 retinendum
808 1529 837 1552 et
851 1526 1062 1552 defendendum
1080 1527 1159 1553 salvo

188 1582 252 1600 meo
273 1574 372 1600 ordine
393 1578 494 1601 contra
514 1583 629 1601 omnem
651 1575 807 1602 hominem.
831 1574 969 1609 Legatum
990 1575 1159 1609 Apostolice

187 1622 273 1649 Sedis
295 1623 323 1649 in
345 1623 439 1649 eundo
461 1626 489 1650 et
510 1623 656 1649 redeundo
676 1624 834 1650 honorifice
851 1623 978 1650 tractabo
1000 1627 1028 1650 et
1048 1624 1075 1650 in
1096 1623 1159 1650 suis

188 1671 413 1698 necessitatibus
430 1671 584 1706 adjuvabo.
606 1671 736 1698 Vocatus
756 1672 791 1698 ad
813 1672 956 1706 synodum
973 1673 1085 1698 veniam
1103 1672 1159 1698 nisi

187 1720 355 1754 prepeditus
370 1720 451 1746 suero
466 1721 604 1747 canonica
617 1720 824 1755 prepeditione.
841 1720 1043 1755 Apostolorum
1061 1720 1158 1747 limina

185 1767 312 1794 bienniis
332 1769 457 1802 singulis
474 1768 610 1800 visitabo,
633 1772 682 1795 aut
702 1777 752 1803 per
773 1777 818 1795 me
838 1773 887 1795 aut
903 1777 953 1803 per
968 1777 1064 1795 meum
1082 1777 1160 1796 nun-

184 1816 273 1848 tium,
299 1817 354 1843 nisi
378 1816 546 1851 Apostolica
566 1817 697 1844 absolvar
713 1817 836 1844 licentia.
866 1817 1074 1844 Possessiones
1091 1827 1158 1845 vero

186 1864 221 1890 ad
242 1873 372 1891 mensem
393 1865 447 1891 mei
469 1867 738 1900 archiepiscopatus
759 1867 936 1900 pertinentes
960 1875 1015 1893 non
1036 1867 1158 1893 vendam

187 1921 280 1947 neque
296 1912 408 1940 donabo
427 1922 518 1948 neque
535 1914 735 1949 impignorabo
752 1923 845 1949 neque
861 1915 896 1941 de
915 1923 989 1941 novo
1004 1915 1158 1942 infeudabo

184 1962 230 1988 vel
245 1961 340 1996 aliquo
358 1962 441 1988 modo
457 1962 588 1989 alienabo
604 1963 767 1989 inconsulto
787 1963 917 1990 Romano
940 1963 1088 1990 Pontifice.
1110 1963 1158 1990 Sic

186 2018 231 2036 me
246 2009 325 2036 Deus
341 2010 458 2044 adjuvet
474 2014 502 2037 et
518 2011 571 2037 hec
587 2015 686 2038 saneta
702 2011 868 2046 Evangelia.
887 2023 899 2036 u

148 2163 231 2190 LIIII
245 2172 268 2191 c.
291 2178 324 2184 —
346 2163 464 2190 Frater²
481 2164 644 2191 Gaufredus
665 2164 753 2191 abbas
775 2165 894 2199 Majoris
914 2165 1081 2192 monasterii
1096 2165 1158 2192 Tu-

184 2212 318 2239 ronensis
337 2211 447 2246 juravit
469 2212 629 2239 secundum
653 2213 842 2247 prescriptam
865 2213 983 2240 sormam
1007 2214 1062 2240 snb
1083 2222 1158 2240 anno

185 2259 301 2287 Domini
319 2260 583 2286 M⁰CC⁰XXX⁰VI⁰
599 2269 698 2287 mense
712 2261 895 2296 septembris.

149 2413 230 2440 L1111
247 2414 274 2439 d.
295 2427 331 2433 —
350 2413 381 2439 In
399 2413 496 2439 eadem
513 2413 603 2439 forma
616 2414 724 2447 juravit
740 2413 882 2440 Jarlerins
893 2414 904 2433 ³
920 2415 1158 2450 archiepiscopus

186 2460 372 2496 Upsalensis,
392 2461 468 2487 sicut
486 2469 534 2494 per
550 2469 618 2487 suas
635 2465 764 2495 patentes
781 2461 889 2488 litteras
910 2463 1079 2494 declaravit,
1103 2472 1156 2490 suo

184 2510 280 2544 sigillo
295 2510 431 2537 munitas.

148 2663 229 2690 LIIIl
245 2672 266 2690 e.
286 2679 317 2683 —
334 2663 365 2690 ln
381 2663 514 2690 eumdem
530 2664 646 2690 modum
659 2665 767 2699 Juravit
780 2665 913 2691 Adalasia
929 2666 1076 2692 abbatissa
1095 2674 1156 2692 mo-

186 2831 210 2856 1.
229 2830 382 2863 Muratori,
401 2834 420 2858 t.
437 2840 472 2862 c,
490 2841 517 2866 p.
534 2832 596 2859 ί266.
614 2847 646 2851 -
663 2831 755 2858 Raoul
771 2832 805 2857 du
823 2832 958 2867 Peyrins,
976 2834 1157 2868 archeveque

148 2879 184 2905 de
200 2878 278 2914 Lyon
294 2888 328 2906 en
349 2880 423 2911 1235,
442 2884 558 2906 mourut
575 2881 598 2906 le
614 2881 629 2907 ξ)
647 2889 722 2906 mars
738 2881 773 2906 de
790 2881 898 2907 l‘annee
914 2882 1056 2909 suivante.

185 2927 212 2953 ΞΖ.
230 2926 375 2959 Mun-amri,
397 2931 413 2954 t.
432 2937 466 2959 c.,
486 2938 512 2963 p.
529 2930 590 2956 2139.

186 2975 211 3002 3.
230 2975 381 3011 Mul-aton,
406 2978 471 3004 ibid,
492 2992 528 2997 —
548 2977 654 3008 Jarler,
677 2978 857 3012 arcliex‘eque
878 2979 996 3013 d'Upsal
1013 2979 1116 3014 depuis
1133 2981 1157 3006 le

149 3024 165 3050 7
181 3024 298 3050 octobre
318 3025 394 3052 1230.

1282 444 1398 470 nasterii
1415 446 1506 472 sancti
1522 446 1677 472 Alexandri
1691 446 1853 473 Parmensis
1869 446 1902 472 ad
1921 446 2078 473 Romanam
2094 447 2246 473 ecclesiam

1281 492 1357 518 nullo
1374 493 1466 520 medio
1483 495 1667 528 pertinentis,
1683 495 1791 521 ordinis
1809 495 1900 521 sancti
1919 495 2080 528 Benedicti,
2106 496 2181 522 sicut
2195 504 2247 531 per

1279 547 1348 566 suas
1370 541 1483 568 lictcras
1503 542 1657 569 declaravit
1680 551 1733 569 suo
1756 544 1850 577 sigillo
1872 545 2010 575 munitas,
2032 553 2107 571 anno
2129 544 2246 572 Domini

1280 588 1459 621 MoCCLIIH,
1476 591 1661 625 pontificatus
1676 591 1782 618 domini
1799 591 1958 618 Innocentii
1976 592 2049 618 1111st
2065 602 2140 619 anno
2157 593 2246 620 XI01.

1244 748 1322 775 LIIIl
1339 750 1360 782 f.
1384 764 1420 770 -
1442 750 1540 776 Frater
1556 750 1674 784 Egidius
1692 751 1893 778 Placentinus²
1907 753 2061 787 episcopus
2073 754 2182 787 jttravit
2197 761 2247 780 se-

1279 799 1404 824 cundum
1423 800 1609 833 prescriptam
1626 800 1744 826 formam
1762 800 1831 826 XVI
1850 801 1883 827 kl.
1901 801 2073 828 decembris.

1244 958 1324 984 LIlII
1338 967 1364 992 q.
1381 974 1414 979 —-
1433 959 1530 986 Frater
1547 959 1630 994 Hugo
1647 959 1845 987 Cluniacensis
1861 961 1948 987 abbas
1961 962 2068 995 juravit
2085 962 2246 989 secundum

1244 1008 1247 1009 ⁷
1279 1007 1399 1033 eandem
1429 1008 1547 1034 formam
1578 1009 1604 1034 in
1637 1010 1762 1035 crastino
1792 1010 1891 1035 octahe
1921 1010 2140 1044 Assumptionis
2164 1010 2247 1037 beate

1280 1055 1368 1081 Mat-ie
1384 1055 1523 1090 Virginis,
1542 1065 1617 1082 anno
1633 1056 1748 1083 Domini
1766 1056 2029 1084 31⁰CC⁰XXX⁰VI⁰
2039 1058 2058 1084 ³.

1244 1215 1323 1241 LIllI
1339 1216 1365 1242 h.
1388 1230 1423 1236 -
1446 1216 1585 1242 Albertus
1606 1216 1694 1243 abbas
1715 1217 1879 1243 monasterii
1900 1217 1934 1243 de
1949 1217 2081 1244 Nervisia
2097 1218 2246 1245 Tervisine

1279 1263 1404 1290 diocesis
1425 1264 1533 1298 juravit
1557 1265 1717 1291 secundum
1743 1265 1862 1291 eandem
1888 1266 2007 1292 formam
2032 1275 2106 1293 anno
2131 1267 2246 1294 Domini

1279 1312 1544 1339 M⁰CC⁰XXX⁰V1⁰
1569 1321 1667 1339 mense
1694 1314 1792 1340 marcii
1821 1314 1866 1339 die
1892 1314 1941 1347 110,
1967 1314 2040 1340 intra
2063 1315 2246 1342 indictionem

1280 1369 1383 1387 nonam
1396 1363 1416 1389 ⁴.

1243 1522 1324 1548 LIIII
1348 1524 1366 1549 i.
1388 1536 1423 1542 —
1441 1522 1569 1549 Jacobus
1592 1523 1680 1549 abbas
1703 1523 1869 1549 monasterii
1892 1524 1984 1549 sancti
2007 1523 2085 1550 Justi
2111 1523 2249 1551 Secusio-

1279 1571 1378 1597 nensis
1387 1571 1397 1588 ⁵
1407 1571 1737 1606 prestititjuramentum
1747 1572 1868 1598 ecclesie
1880 1571 2019 1603 Romane,
2030 1572 2106 1598 sicut
2118 1580 2168 1607 per
2179 1580 2249 1599 suas

1278 1623 1408 1654 patentes
1425 1620 1534 1646 litteras
1549 1620 1713 1647 declaravit.

1242 1779 1321 1806 L1111
1332 1782 1357 1813 j.
1380 1793 1415 1800 —
1437 1779 1588 1814 Philippus
1614 1781 1691 1815 prior
1712 1779 1883 1807 Balnearie⁶
1902 1782 2028 1815 prestitit
2046 1782 2244 1815 juramentum

1277 1829 1400 1855 ecclesie
1414 1828 1554 1861 Romane,
1569 1829 1644 1855 sicut
1660 1837 1710 1863 pei·
1725 1837 1793 1855 suas
1811 1832 1940 1864 patentes
1956 1830 2065 1856 litteras
2080 1829 2247 1856 declaravit.

1242 1988 1323 2015 LIIII
1339 1990 1363 2015 k.
1383 2005 1415 2008 —
1432 1989 1535 2015 Petrus
1551 1989 1640 2016 abhas
1651 1992 1661 2009 '¹
1676 1992 1775 2015 sancte
1792 1989 1881 2015 Marie
1897 1989 1932 2015 de
1948 1989 2105 2016 Camiliano
2122 1990 2247 2024 prestitit

1274 2039 1470 2072 juramentum
1482 2037 1603 2064 ecclesie
1616 2037 1757 2071 Romane,
1769 2038 1845 2064 sicut
1857 2046 1906 2072 per
1917 2046 1985 2064 suas
1996 2042 2127 2073 patentes
2139 2039 2249 2065 litteras

1277 2087 1440 2113 declaravit.

1280 2254 1305 2280 1.
1322 2253 1474 2285 Muratori,
1493 2254 1559 2280 ibid.
1581 2268 1613 2272 —
1635 2253 1714 2279 Cette
1730 2254 1811 2287 piece
1827 2253 1862 2279 de
1882 2254 1946 2280 1‘254
1964 2258 2008 2280 est
2023 2253 2108 2280 d'une
2125 2255 2249 2281 ecriture

1242 2302 1436 2328 notablement
1453 2302 1630 2335 posterieure
1645 2303 1660 2327 a
1675 2302 1764 2328 celles
1783 2303 1831 2336 qui
1854 2302 2008 2336 precedent
2023 2307 2051 2329 et
2065 2304 2080 2328 a
2095 2303 2182 2329 celles
2198 2302 2248 2337 qui

1242 2351 1367 2377 suivent.
1385 2350 1444 2376 Elle
1461 2350 1504 2376 n'a
1522 2359 1572 2385 pas
1590 2353 1635 2377 ete
1651 2351 1804 2377 transm-ite
1821 2351 1892 2377 dans
1909 2351 1934 2377 le
1951 2360 2005 2379 ms.
2023 2352 2169 2378 Riccardi.

1278 2399 1303 2425 2.
1321 2399 1468 2430 Muratori,
1487 2402 1506 2425 t.
1523 2408 1558 2432 c.,
1576 2409 1602 2434 p.
1620 2400 1682 2426 ί270.
1700 2415 1733 2419 -
1748 2400 1890 2434 L'eveque
1907 2400 2009 2434 Egidio
2025 2406 2106 2427 entra
2121 2409 2157 2427 en
2171 2401 2249 2427 fonc-

1242 2448 1319 2474 tions
1334 2456 1368 2473 en
1390 2447 1464 2475 1235.
1697 2461 1702 2464 ν

1279 2496 1304 2523 3.
1321 2495 1469 2529 Muratori,
1488 2496 1552 2522 ibid.
1570 2511 1603 2515 -—
1619 2496 1652 2523 23
1668 2498 1736 2523 aeut
1755 2497 1830 2524 1236.

1279 2545 1304 2571 4.
1322 2545 1470 2576 Muratori,
1488 2546 1554 2572 ibid.
1575 2559 1611 2565 —
1631 2545 1645 2571 Q
1662 2554 1738 2572 mars
1758 2546 1832 2573 1236.
1856 2560 1891 2566 —
1914 2546 1943 2573 S.
1962 2546 2105 2572 Eustache
2121 2547 2155 2572 de
2172 2546 2249 2573 Ner-

1243 2601 1321 2619 vesa.
1339 2591 1382 2619 Cf.
1400 2593 1561 2624 ci-dessus,
1580 2602 1606 2627 p.
1627 2594 1675 2620 133
1692 2602 1718 2627 α,
1737 2602 1763 2619 u.
1783 2595 1807 2620 5.

1279 2642 1293 2668 5
1322 2641 1470 2673 MuratOrL
1488 2642 1553 2667 ibid.
1572 2657 1604 2660 —
1621 2642 1785 2668 Saint-Just
1801 2642 1835 2667 de
1852 2641 1939 2671 Suse.
1959 2642 2042 2668 fonde
2058 2651 2092 2668 en
2112 2643 2189 2669 10‘28.
2210 2643 2248 2669 La

1243 2689 1317 2716 bulle
1333 2689 1502 2715 d'innocent
1517 2689 1556 2715 [V
1571 2690 1630 2724 quiv
1645 2698 1679 2716 en
1698 2690 1759 2716 1-251
1777 2690 1894 2722 (Potth.‚
1916 2691 2021 2723 14390),
2037 2692 2191 2717 reneuvela
2207 2692 2250 2718 les

1243 2738 1397 2772 privileges
1417 2738 1451 2764 de
1473 2742 1517 2765 cet
1537 2739 1771 2770 etablissement,
1789 2739 1954 2765 mentionne
1975 2748 2029 2765 une
2050 2740 2124 2765 serie
2141 2740 2249 2766 d'actes

1242 2787 1398 2820 analogues
1414 2787 1516 2821 depuis
1535 2786 1634 2813 Victor
1649 2787 1685 2813 ΙΙ.
1710 2787 1766 2813 Sur
1780 2788 1805 2813 la
1822 2788 1984 2821 fontianum,
2002 2796 2067 2822 voy.
2087 2789 2109 2814 le
2124 2788 2249 2822 diplOme

1242 2835 1398 2861 d'Amedee
1415 2835 1466 2868 ΙΙΙ,
1483 2839 1577 2861 comte
1593 2835 1626 2861 de
1643 2835 1755 2867 Savoie,
1774 2835 1844 2861 dans
1860 2835 1986 2869 Uglielliy
2005 2837 2036 2862 lc.
2055 2844 2144 2868 sacra,
2158 2841 2177 2863 t.
2193 2836 2247 2870 IV,

1243 2892 1269 2918 p.
1293 2884 1368 2909 1045.

1278 2933 1303 2959 6.
1322 2933 1470 2964 Mummi-i,
1490 2933 1554 2958 ibat.
1578 2948 1610 2951 —
1635 2933 1781 2959 Petit-etro
1799 2933 1828 2958 S.
1847 2933 1933 2958 Mai-ia
1951 2933 1984 2958 de
2002 2933 2165 2964 Balnearia,
2183 2934 2248 2960 dio-

1243 2982 1308 3006 c'ese
1326 2981 1358 3006 de
1377 2981 1481 3012 Mileto,
1499 2981 1658 3011 ci-dessus,
1676 2990 1702 3015 p.
1719 2982 1753 3007 ‘20
1770 2982 1793 3008 Ι).
1810 2986 1874 3006 note
1890 2982 1905 3007 ⁴2
1921 2991 1925 3008 2
1943 2982 1980 3008 vs.
1998 2991 2024 3015 p.
2044 2982 2075 3008 ς21
2094 2983 2118 3008 b.

1279 3031 1303 3056 Τ,
1322 3029 1468 3060 Muratori,
1483 3030 1547 3055 ibid,
1560 3044 1594 3050 —
1606 3030 1661 3056 Sur
1672 3035 1746 3056 cette
1758 3030 1875 3064 abbaye,
1888 3039 1952 3064 roy.
1965 3030 2125 3063 ci-dessus,
2140 3040 2166 3065 p.
2179 3032 2209 3057 21
2223 3032 2246 3057 b.
