2476 3581
715 332 766 361 LE
788 332 934 362 LIBER
955 331 1189 363 CENSUUM
1213 332 1268 362 DE
1290 324 1476 364 L'EGLISE
1499 332 1708 365 ROMAINE.
2202 335 2261 366 285

205 401 237 426 et
252 400 372 435 partem
393 397 526 427 Venetie
541 402 570 427 et
589 397 737 427 Emiliam
754 402 850 437 atque
870 398 1068 428 Flumineam
1086 403 1170 428 vete-

206 459 256 480 res
292 449 552 489 hystoriographi
590 450 729 481 Galliam
764 451 960 490 Cisalpinam
991 451 1171 491 appellave-

206 506 293 532 runt.
313 502 481 541 Siquidem
502 504 638 542 antiquo
664 509 804 542 tempore
822 504 989 540 Brennus,
1008 504 1066 543 qui
1087 504 1173 544 apud

207 555 320 585 urbem
336 555 491 593 regnabat
513 556 750 592 Senonensem,
773 565 846 586 cum
869 557 1017 587 trecentis
1039 556 1173 587 milibus

204 608 372 639 Gallorum
388 609 426 639 ad
444 609 570 639 ltaliam
587 610 692 646 venit,
713 614 743 640 et
760 619 830 640 eam
849 619 949 649 usque
963 610 1003 640 ad
1020 609 1172 648 Senogal-

205 661 296 697 liam,
315 671 410 701 super
426 671 514 692 mare
533 662 734 692 Adriaticum
753 662 864 699 sitam,
882 663 1062 701 occupavit,
1081 667 1112 692 et
1126 662 1172 692 ibi

204 715 246 746 ab
263 715 401 745 invicem
419 715 556 754 separati
573 720 648 745 sunt
661 715 760 746 Galli.
777 715 921 751 Quorum
938 719 1066 745 centum
1084 715 1174 745 milia

206 768 351 808 Delphos
376 769 532 799 adeuntes
558 768 735 798 Grecorum
760 767 878 806 gladiis
904 769 1086 807 perierunt,
1111 768 1174 798 alia

166 1395 279 1423 XLIIII
293 1403 321 1422 a.
333 1411 366 1417 —
377 1395 565 1422 Junmsnruu
576 1401 756 1424 rinsttrmS,
769 1401 841 1423 ouon
852 1402 992 1420 Pnt-:STffl'r
1007 1401 1114 1420 nomme
1126 1402 1172 1420 vm

200 1444 379 1472 Winnsfflus
402 1452 489 1471 rimus
512 1451 642 1474 Quonam
668 1442 785 1470 Annaea
807 1450 842 1468 ns
862 1441 1032 1469 CALvnnAco
1056 1451 1174 1470 poninus

201 1502 295 1521 casrm
313 1493 460 1520 Rmumm
476 1501 527 1519 vno
543 1491 641 1519 Buaco
658 1490 781 1518 Docsusi
793 1513 799 1523 ,
817 1499 895 1518 cums
911 1499 1063 1518 CUSTomau
1078 1500 1112 1518 Aa
1128 1500 1175 1518 sc-

202 1551 296 1570 cnssn.
312 1542 433 1569 Romu»,
448 1542 592 1568 REGEP1T1.

237 1655 300 1691 Ego
315 1655 485 1683 Wilielmus
501 1655 578 1682 filius
591 1654 735 1690 quondam
752 1654 867 1682 Andree
882 1654 916 1681 de
932 1654 1106 1688 Calviniaco,
1123 1655 1175 1681 do-

203 1705 301 1732 minus
315 1704 410 1732 Castri
427 1704 542 1731 Rodulfi
561 1704 596 1730 ab
613 1704 666 1730 hac
684 1703 754 1730 hora
769 1703 798 1730 in
815 1707 898 1730 antea
914 1703 1005 1730 fidelis
1026 1713 1074 1730 ero
1089 1704 1174 1731 beato

202 1753 305 1788 Petro,
326 1754 443 1780 domino
465 1761 529 1780 meo
549 1761 621 1787 pape
643 1752 783 1787 Gregorio
808 1756 838 1779 et
864 1753 1087 1780 successoribus
1109 1755 1174 1788 eJus

201 1804 342 1830 canonice
357 1803 533 1830 intrantibus
549 1806 577 1828 et
592 1802 715 1829 ecclesie
740 1802 881 1829 Romane.
896 1802 962 1828 Non
979 1811 1027 1829 ero
1042 1802 1071 1829 in
1088 1803 1172 1834 facto,

204 1859 298 1886 neque
312 1851 341 1878 in
357 1851 434 1877 dicto
451 1859 544 1885 neque
560 1851 588 1876 in
605 1849 725 1876 consilio
745 1853 775 1876 ut
791 1850 876 1877 vitam
894 1850 1012 1884 perdant
1028 1854 1078 1877 aut
1094 1859 1174 1877 men-

203 1901 287 1927 brum
307 1901 352 1926 vel
375 1900 447 1926 mala
467 1899 600 1934 captione
619 1899 780 1934 capiantur.
805 1897 963 1926 Consilium
984 1899 1060 1933 quod
1078 1908 1127 1934 per
1143 1908 1174 1926 se

203 1950 248 1977 vel
272 1950 406 1976 nuntium
431 1952 480 1975 aut
504 1948 603 1975 literas
625 1955 695 1974 suas
722 1948 793 1974 mihi
816 1948 992 1975 crediderint
1015 1949 1050 1975 ad
1073 1957 1173 1975 eorum

200 1998 358 2033 dampnum
375 2005 420 2023 me
433 1997 544 2024 sciente
561 1995 630 2022 nulli
646 1996 779 2031 pandam.
803 1995 833 2022 Si
851 2003 950 2023 eorum
967 2000 1077 2023 certum
1094 1997 1173 2023 dam-

201 2055 290 2082 pnum
307 2047 420 2073 scivero
435 2047 460 2073 si
476 2049 575 2080 potero
593 2053 741 2072 remanere
756 2045 859 2072 faciam
873 2045 937 2072 etsi
952 2053 1006 2072 non
1021 2050 1121 2081 potero
1135 2046 1175 2072 si·

202 2095 346 2130 gnificabo
363 2095 407 2121 eis
422 2103 472 2129 per
488 2102 533 2120 me
549 2094 593 2120 vel
609 2102 659 2129 per
674 2094 784 2120 litteras
799 2097 849 2121 aut
864 2095 997 2121 nuntium
1014 2103 1111 2121 meum
1126 2099 1176 2122 aut

201 2143 296 2170 dicam
320 2143 368 2170 tali
390 2150 515 2178 persone
537 2151 623 2177 quam
646 2143 689 2169 eis
710 2142 825 2169 credam
849 2151 900 2178 pro
922 2147 1001 2170 certo
1020 2143 1173 2170 dicturam.

202 2191 412 2218 Patrimonium
429 2195 457 2217 et
473 2190 528 2217 alia
549 2191 655 2225 regalia
675 2190 751 2217 beati
772 2190 850 2217 Petri
866 2199 921 2226 que
937 2199 1014 2218 nunc
1030 2192 1116 2218 habet
1131 2191 1175 2218 vel

202 2241 232 2268 in
253 2244 337 2267 antea
359 2240 528 2274 acquisierit
548 2243 577 2266 et
596 2240 761 2274 specialiter
779 2239 910 2274 Burgum
933 2240 1069 2274 Dolense,
1089 2242 1175 2275 cujus

203 2288 366 2316 custodiam
387 2288 422 2314 ab
446 2289 570 2315 ecclesia
594 2288 726 2315 Romana
751 2292 849 2321 teneo,
871 2289 987 2324 adjutor
1010 2290 1053 2316 eis
1075 2297 1123 2315 ero
1147 2293 1176 2316 et

202 2337 300 2365 abbati
316 2337 447 2370 DoIensi,
464 2337 514 2371 qui
531 2345 581 2372 pro
597 2340 727 2372 tempore
742 2337 837 2369 fuerit,
858 2337 951 2372 quoad
968 2337 1059 2372 Burgi
1074 2342 1175 2365 custo-

203 2386 279 2413 diam
295 2385 329 2412 ad
345 2385 575 2416 defendendum,
597 2393 653 2420 que
673 2394 729 2412 non
752 2386 839 2413 habet
861 2386 1105 2421 recuperandum,
1129 2395 1176 2413 re-

201 2438 340 2470 cuperata
368 2434 403 2461 ad
432 2434 616 2461 retinendum
645 2438 674 2461 et
702 2434 916 2462 defendendum
946 2439 1045 2462 contra
1073 2443 1174 2462 omnes

202 2483 347 2510 homines.
373 2481 496 2517 Legatos
517 2486 546 2509 et
566 2483 684 2510 nuntios
712 2483 835 2510 ecclesie
863 2483 994 2510 Romane
1018 2484 1175 2510 honorifice

203 2530 361 2566 suscipiam
385 2534 414 2557 et
436 2530 561 2565 benigne
581 2531 712 2558 tractabo
733 2536 761 2558 et
781 2540 832 2566 per
851 2535 940 2558 totam
958 2536 1063 2558 terram
1083 2540 1174 2558 meam

203 2583 231 2606 et
246 2579 313 2607 alibi
330 2579 505 2613 ubicumque
518 2587 568 2614 per
583 2587 628 2605 me
643 2583 692 2606 aut
707 2588 789 2606 meos
806 2584 903 2615 potero
915 2588 1051 2607 securum
1067 2580 1109 2607 eis
1125 2588 1176 2614 pro

202 2636 267 2655 meo
283 2635 370 2663 posse
386 2627 521 2662 prestabo
536 2627 725 2656 conductum.
741 2628 803 2654 Hec
817 2629 912 2654 omnia
927 2629 1087 2655 observabo
1102 2629 1176 2654 bona

201 2676 257 2703 fide
272 2676 336 2702 sine
352 2675 452 2702 fraude
468 2680 498 2702 et
513 2676 586 2702 malo
603 2677 729 2711 ingenio.
747 2676 796 2703 sic
808 2685 853 2703 me
866 2676 946 2703 Deus
956 2677 1072 2711 adjuvet
1084 2680 1111 2702 et
1124 2677 1176 2703 hec

202 2727 304 2751 saneta
319 2723 374 2750 Dei
389 2723 556 2758 Evangelia.

205 2891 231 2917 1.
256 2890 340 2916 Piece
363 2889 400 2916 du
422 2893 516 2924 temps
539 2891 574 2916 de
594 2890 734 2926 Gregoire
755 2891 797 2918 IX
820 2891 1009 2924 (iver-1241).
1026 2891 1085 2917 Elle
1101 2895 1145 2917 est
1161 2893 1175 2917 a

167 2939 344 2974 rapprocher
366 2938 403 2964 du
424 2944 554 2965 serment
577 2940 656 2974 prete
680 2948 730 2975 par
746 2940 844 2966 Andre'
860 2940 893 2966 de
910 2940 1089 2974 Chauvigny,
1109 2941 1174 2974 pere

166 2987 203 3015 de
215 2987 392 3018 Guillaume;
406 2995 437 3013 ce
449 2992 577 3014 serment
585 2996 617 3014 se
631 2992 764 3014 trouvera
775 2988 953 3019 ei-dessous,
968 2994 998 3014 n⁰
1009 2987 1173 3014 CLXXIII.

1294 407 1369 429 vero
1383 404 1511 430 centum
1528 401 1619 431 milia
1635 401 1720 431 intra
1735 401 1883 432 Greciam
1901 407 2102 434 remanentes
2115 404 2259 443 primum

1294 451 1474 491 Gallogreci
1501 463 1518 483 a
1544 454 1681 485 candore
1705 455 1864 494 corporis,
1892 460 1998 494 postea
2024 465 2099 487 vero
2122 456 2259 487 Galathe

1295 505 1380 535 idem
1406 511 1481 536 sunt
1506 507 1653 546 appellati
1675 520 1681 537 ε
1713 507 1760 537 hii
1786 517 1861 546 ergo
1887 513 1962 538 sunt
1988 509 2106 548 quibus
2134 510 2260 548 scripsit

1294 557 1454 596 apostolus
1480 558 1610 589 Paulus.
1628 559 1703 589 Alia
1719 564 1825 590 autem
1846 565 1975 590 centum
1999 560 2089 591 milia
2109 562 2142 591 in
2166 561 2259 591 Italia

1295 615 1530 647 remanserunt,
1554 612 1781 651 Ticinumqms,
1808 613 2039 649 Mediolanum,
2062 614 2256 652 Pergamum

1294 665 1324 692 et
1342 662 1482 692 Brixiam
1499 668 1718 694 construentes
1733 665 1896 705 Cisalpine
1911 666 2015 696 Gallie
2029 675 2146 696 nomen
2161 667 2259 698 dede-

1295 719 1387 751 runt,
1409 716 1494 746 unde
1511 716 1615 747 Gallia
1632 718 1844 757 Transalpina
1861 728 1923 758 que
1941 718 2024 749 ultra
2040 719 2136 758 Alpes
2159 720 2259 751 habe-

1296 772 1356 804 tur,
1375 773 1405 798 et
1419 768 1522 799 Gallia
1538 770 1700 809 Cisalpina
1717 780 1779 810 que
1797 772 1881 801 infra
1897 772 1993 812 Alpes
2011 777 2068 810 est,
2085 773 2254 803 vocitatur.

1257 1393 1355 1423 XLV.
1373 1411 1411 1416 -
1426 1394 1644 1424 JURAMENTUM
1660 1395 1793 1424 Humum
1809 1405 1939 1426 annuis
1952 1405 2138 1428 uoxas‘rsan
2154 1408 2260 1429 sixc‘n

1296 1447 1464 1477 Einuunm
1478 1448 1499 1477 ¹.

1336 1646 1396 1683 qu
1406 1645 1556 1675 Henricas
1570 1647 1658 1675 abbas
1675 1648 1851 1676 monasterii
1861 1650 1961 1678 sancti
1972 1649 2065 1678 Eadm
2072 1651 2150 1679 undi
2159 1651 2194 1680 ab
2205 1652 2262 1681 hac

1266 1694 1270 1697 ’
1296 1697 1371 1726 hora
1390 1699 1419 1726 in
1437 1703 1526 1727 antea
1539 1699 1638 1735 fidelis
1652 1704 1678 1728 et
1694 1700 1829 1729 obediens
1844 1710 1892 1730 ero
1908 1702 1989 1731 beato
2004 1703 2090 1732 Petro
2103 1709 2262 1741 sancteque

1296 1751 1454 1788 apostolice
1470 1753 1599 1781 Romane
1617 1753 1733 1782 ecclesie
1752 1759 1778 1782 et
1798 1754 1920 1783 domino
1946 1764 2008 1784 ineo
2024 1765 2099 1794 pape
2121 1757 2262 1795 Greqorio

1295 1805 1419 1841 suisque
1440 1806 1658 1834 suecessoribus
1679 1807 1821 1836 canonice
1848 1808 2043 1837 intrantibus.
2068 1810 2131 1838 Non
2155 1819 2204 1839 ero
2227 1812 2259 1840 in

1296 1857 1422 1886 consilio
1435 1858 1479 1886 rel
1491 1866 1634 1887 consensu
1652 1859 1695 1887 vel
1707 1860 1785 1894 sacto
1803 1865 1834 1888 ut
1853 1861 1945 1889 vitant
1960 1862 2090 1898 perdant
2104 1863 2148 1891 vel
2166 1872 2259 1892 mern-

1296 1910 1382 1938 bruni
1397 1915 1451 1938 aut
1467 1911 1633 1948 capiantur
1650 1912 1729 1941 nzala
1746 1913 1892 1950 captione.
1913 1914 2079 1943 Consilium
2100 1924 2167 1944 vero
2182 1917 2261 1953 quod

1297 1963 1359 1991 mih
1368 1964 1377 1991 i
1394 1963 1543 1992 credituri
1558 1969 1630 1993 sunt
1649 1974 1704 2002 per
1718 1974 1747 1994 se
1765 1971 1818 1994 aut
1832 1976 1887 2003 per
1908 1968 2034 1996 nuncios
2049 1977 2117 1997 snos
2132 1970 2195 1998 sit-e
2208 1978 2263 2007 per

1297 2017 1416 2045 litteras
1431 2017 1470 2045 ad
1480 2026 1583 2045 eorum
1601 2018 1768 2056 dampnum
1789 2029 1832 2048 me
1849 2020 1958 2049 sciente
1977 2022 2094 2050 nemini
2106 2022 2261 2059 pandam:

1294 2075 1441 2107 papatum
1459 2071 1627 2099 Romanum
1643 2076 1669 2099 et
1683 2072 1797 2109 reyalia
1812 2074 1911 2101 sancti
1927 2074 2009 2102 Petri
2021 2075 2145 2111 adjutor
2159 2076 2201 2104 eis
2213 2085 2263 2104 ero

1296 2123 1336 2151 ad
1352 2123 1543 2151 retinendum
1559 2128 1586 2152 et
1600 2124 1830 2161 des'endenduni⁷
1848 2127 1932 2155 salvo
1948 2136 2008 2155 nzeo
2023 2128 2138 2163 ordine,
2158 2134 2262 2157 contra

1297 2184 1413 2205 omnent
1445 2176 1608 2205 hominem.
1639 2178 1781 2215 Leyatuni
1815 2180 1974 2216 apostolice
2002 2181 2080 2209 sedis
2110 2181 2208 2210 eundo
2236 2188 2262 2210 et

1299 2229 1448 2258 redeundo
1466 2229 1628 2266 honorifice
1645 2232 1776 2259 tractabo
1791 2237 1817 2260 et
1835 2232 1865 2260 in
1883 2234 1948 2261 suis
1967 2235 2191 2263 necessitatibus
2206 2235 2261 2263 ad-

1290 2282 1415 2318 juvabo.
1446 2282 1569 2310 Vocatus
1591 2283 1631 2311 ad
1656 2283 1805 2320 synodum
1835 2285 1968 2320 veniam.
2002 2286 2063 2314 nisi
2088 2287 2262 2324 prepeditus

1296 2335 1382 2369 fuero
1399 2335 1545 2364 canonica
1559 2336 1775 2373 prepeditione.
1799 2338 2005 2375 Apostolorum
2026 2339 2137 2367 limina
2153 2340 2262 2377 sinqu-

1299 2387 1336 2415 lis
1357 2388 1502 2416 trienniis
1524 2388 1650 2417 visitabo
1669 2394 1724 2417 aut
1738 2398 1793 2426 per
1816 2399 1860 2418 ine
1882 2396 1935 2419 aut
1953 2400 2008 2428 per
2028 2393 2175 2421 nuncium
2201 2393 2263 2421 nisi

1297 2441 1458 2477 apostolica
1472 2441 1611 2470 absolvar
1624 2442 1757 2471 licentia.
1776 2443 1974 2472 possessiones
1990 2453 2056 2473 vero
2072 2445 2110 2473 ad
2128 2454 2259 2474 inensam

1300 2494 1477 2521 monasterii
1501 2494 1558 2521 mei
1578 2494 1762 2531 pertinentes
1785 2504 1842 2524 non
1869 2496 1994 2524 rendam
2018 2506 2111 2533 neque
2131 2497 2258 2533 (leuabo,

1299 2553 1392 2582 neque
1410 2545 1632 2583 impignorabo,
1656 2556 1749 2584 neque
1764 2548 1798 2576 de
1816 2557 1889 2577 noro
1912 2549 2072 2584 infeudabo
2096 2550 2140 2578 rel
2158 2550 2263 2586 aliquo

1297 2598 1384 2626 modo
1407 2598 1544 2627 alienabo
1562 2600 1729 2628 inconsulto
1745 2601 1876 2629 Romano
1893 2600 2044 2637 pontifice.
2062 2601 2111 2629 Sic
2129 2610 2172 2629 ine
2187 2602 2264 2630 Deus

1298 2651 1421 2687 adjuvet
1440 2656 1465 2679 et
1481 2652 1530 2680 lieu
1546 2657 1651 2680 sancta
1668 2653 1844 2689 Eranyelia.

1298 2892 1320 2918 1.
1344 2892 1498 2923 Muratori,
1522 2894 1597 2924 Ant.y
1619 2898 1638 2918 t.
1659 2893 1712 2926 VI,
1732 2903 1758 2928 p.
1776 2894 1836 2921 363.
1853 2908 1886 2914 —
1905 2895 2008 2921 [labbe
2025 2894 2113 2921 Henri
2130 2900 2209 2922 entra
2226 2905 2261 2923 en

1259 2941 1364 2974 charge
1376 2949 1409 2966 en
1429 2941 1504 2971 13:34,
1523 2945 1549 2967 et
1566 2950 1704 2967 conserva
1722 2950 1768 2968 ses
1784 2943 1927 2969 fonctions
1940 2944 2077 2978 jusqu'en
2097 2944 2163 2971 1345
2178 2945 2261 2979 (Jlon.

1258 2988 1383 3021 a7291„t.
1403 2987 1453 3018 ΙΙΙ,
1472 2998 1500 3024 p.
1522 2989 1588 3020 105).
