2392 3571
579 350 628 380 LE
653 350 798 380 LIBER
820 349 1057 381 CENSUUM
1082 350 1134 379 DE
1159 341 1343 382 L'EGLISE
1367 354 1575 384 ROMAINE.
2059 357 2090 386 11

47 438 50 440 v
69 417 160 446 batur
181 421 206 446 et
228 417 262 445 in
283 417 465 446 oblivionem
484 418 597 446 veritas
615 417 738 446 veniens
758 421 885 454 vaqetur
907 417 1035 452 incerta,

68 470 95 499 si
119 470 146 498 ei
168 470 264 505 suerit
282 469 354 506 fides
378 470 528 507 adempta,
558 471 718 499 inventum
744 475 784 499 cst
806 471 1037 499 autenticarum

66 523 236 551 remedium
253 523 494 560 scripturarum,
513 532 568 560 que
581 524 734 559 sactorum
748 528 959 560 perpetuantes
975 532 1038 552 me-

68 575 201 604 moriam
222 575 429 604 indubitatam
445 575 535 612 fidem
551 576 669 611 saciant
686 576 811 604 veritati
831 584 887 612 que
901 584 957 604 sua
974 576 1039 604 luce

68 628 234 657 clarescens
250 636 312 656 non
328 628 449 664 patitur
458 629 616 665 justitiam
629 629 716 664 salsis
732 629 921 665 calumpniis
936 628 1038 657 obum-

70 681 167 709 brari.
186 681 266 709 Unde
278 681 317 709 ad
332 681 549 710 universorum
564 682 709 710 notitiam
725 682 867 710 volumus
880 682 1040 718 pervenire

70 733 149 770 quod
164 741 235 762 cum
257 741 371 770 maqna
385 742 458 770 pars
478 734 640 762 comitatus
655 735 805 763 comitisse
823 733 970 763 Mattildis
985 734 1040 770 qui

71 786 205 815 totaliter
228 786 267 814 ad
292 787 459 815 Romanam
483 787 639 816 ecclesiam
663 787 795 824 pertinet
817 787 906 824 pleno
923 787 998 823 jure
1022 794 1040 814 a

69 839 178 867 multis
194 843 219 867 et
237 839 336 867 variis
350 839 487 875 personis
502 839 689 867 detineretur
705 839 834 867 indebite
851 843 996 876 occupata
1014 843 1040 867 et

73 895 135 920 tam
152 891 231 920 cives
246 891 402 928 Spoletani
420 900 510 928 quam
533 892 593 927 fere
617 896 694 919 totus
716 891 844 919 ducatus
862 891 1041 928 Spoletanus

69 944 156 973 nobis
172 944 351 972 nullatenus
364 944 587 981 responderent.
605 952 659 972 nos
670 945 704 972 in
720 945 772 973 illo
782 953 830 981 spe
846 949 950 972 nostra
964 948 1042 972 tota-

72 997 142 1025 liter
156 997 255 1033 posita
268 997 322 1033 qui
333 997 414 1025 adest
427 997 459 1025 in
472 997 600 1025 veritate
613 997 828 1026 invocantibus
841 1003 954 1025 nomen·
965 997 1037 1033 ejus,

70 1057 251 1086 quanquam
267 1049 404 1086 infinitis
420 1054 446 1077 et
461 1049 570 1078 arduis
585 1058 713 1077 essemus
729 1050 857 1086 neqotiis
878 1049 1042 1078 inevitabi-

73 1101 144 1130 liter
163 1102 313 1138 occupati,
336 1101 376 1130 ad
395 1101 604 1139 recuperanda
618 1102 696 1138 jura
717 1102 835 1130 ecclesie
854 1102 969 1130 solicite
992 1102 1042 1130 in-

74 1153 225 1182 tendentes
240 1154 410 1183 venerabili
424 1155 521 1190 fratri
540 1158 641 1182 nostro
659 1154 788 1183 Ostiensi
807 1155 951 1191 episcopo.
971 1158 1043 1183 tunc

73 1206 235 1243 leqationis
249 1207 394 1243 funqenti
408 1207 503 1243 officio
516 1207 551 1234 in
563 1207 706 1244 partibus
722 1207 906 1242 Lombardie,
926 1207 1044 1236 diremi-

73 1267 143 1288 mus
158 1260 273 1297 scripta
285 1264 400 1294 nostra,
417 1264 451 1287 ut
466 1259 525 1288 duo
538 1264 648 1295 castra,
667 1260 806 1289 videlicet
821 1260 1003 1289 Medicinam
1020 1265 1045 1289 et

73 1313 270 1350 Aryellatam,
298 1321 353 1350 que
377 1313 578 1342 Bononienses
605 1317 677 1342 tunc
699 1314 841 1350 temporis
859 1313 1043 1348 detinebant,

72 1365 114 1394 ad
129 1365 309 1394 demanium
323 1366 402 1394 sedis
415 1366 575 1403 apostolice
591 1371 754 1395 revocaret.
777 1366 835 1400 Oui
843 1367 939 1403 juxta
954 1375 1046 1395 man-

74 1418 181 1447 datum
203 1423 342 1447 nostrum
364 1419 420 1447 illa
444 1419 610 1456 recipiens,
640 1419 746 1448 dilecto
769 1419 834 1456 filio
856 1419 987 1448 Henrico
1014 1419 1047 1447 de

74 1471 260 1508 Paraqnano
286 1471 470 1500 subdiacono
496 1476 598 1500 nostro
629 1471 780 1508 quamdiu
805 1472 890 1500 nobis
914 1472 1047 1509 placeret

74 1524 229 1553 commisit
244 1523 433 1558 fiducialiter
450 1524 660 1561 gubernanda,
677 1529 702 1552 et
719 1524 856 1553 homines
874 1529 1047 1553 castrorum

73 1577 214 1614 ipsorum
230 1576 326 1605 eidem
341 1577 466 1605 nomine
481 1581 583 1605 nostro
597 1576 755 1614 fidelitatis
764 1578 948 1614 juramenta
961 1585 1047 1614 pres-

77 1634 174 1659 tantes
197 1630 224 1658 ei
245 1629 278 1658 de
302 1629 476 1658 rationibus
498 1630 612 1658 nostris
631 1629 852 1667 responderunt
874 1630 991 1667 inteyre
1013 1638 1048 1658 ac

76 1683 265 1721 respondent.
291 1683 402 1712 Deinde
425 1691 521 1720 quum
542 1683 624 1712 inter
643 1683 828 1720 Spoletanos‚
850 1683 1046 1719 Narnienses,

77 1735 334 1773 Coco[r]ionenses
349 1740 375 1764 et
391 1736 546 1773 adjutores
558 1745 665 1765 eorum
681 1745 716 1765 eo:
729 1740 816 1773 parte
830 1744 907 1771 una,
923 1741 948 1764 et
964 1736 1047 1764 Inte-

77 1796 265 1823 ramnenses,
286 1788 475 1823 Tudertinos,
492 1789 669 1825 Fulqinates
684 1793 710 1817 et
726 1789 879 1825 adJ'utores
895 1797 998 1817 corum
1014 1798 1049 1818 ed·

76 1842 187 1877 altera,
204 1843 296 1879 oravi
312 1851 426 1879 querra
439 1842 573 1876 suborta,
595 1843 637 1870 ita
653 1842 732 1879 quod
745 1847 847 1879 preter
858 1847 988 1880 straqem
1004 1843 1049 1871 vi-

78 1903 186 1924 rorum
203 1899 229 1923 et
242 1895 426 1924 multimoda
442 1904 547 1924 rerum
565 1895 701 1932 dampna
712 1900 747 1930 et,
764 1895 842 1932 quod
855 1900 894 1924 est
907 1897 1045 1932 gravius,

76 1949 262 1977 animarum
275 1948 417 1985 pericula
434 1957 490 1985 que
507 1953 638 1985 utraque
654 1957 727 1985 pars
745 1949 939 1982 incurrerat,
958 1949 1051 1977 multi

78 2001 291 2030 detinerentur
315 2001 389 2029 hinc
409 2001 479 2029 inde
498 2001 624 2038 captivi,
649 2009 702 2029 nos
722 2001 764 2029 eis
783 2005 912 2038 paterno
928 2009 1051 2038 compa-

80 2055 191 2083 tienter
211 2054 332 2089 affectu,
360 2054 428 2082 lieet
448 2053 575 2091 quidam
592 2062 627 2082 eat
647 2054 709 2082 iltis
725 2053 905 2082 viderentur
923 2053 1051 2090 filialem

78 2106 281 2136 obedientiam
300 2106 450 2143 abjecisse,
475 2106 619 2135 dilectum
642 2106 745 2143 filium
768 2106 958 2142 Pandulfum
980 2106 1049 2134 sub-

80 2159 246 2188 diaconum
267 2164 293 2188 et
314 2160 474 2188 notarium
497 2163 638 2188 nostrum
662 2160 738 2187 illuc
756 2159 938 2188 curavimus
960 2159 1052 2188 desti-

80 2220 167 2247 nare,
191 2216 225 2240 ut
245 2220 347 2240 omnes
371 2211 410 2240 ad
432 2212 517 2249 pacis
536 2211 637 2248 federa
662 2211 788 2240 inienda
807 2216 868 2240 tam
891 2212 1053 2249 spirituali

80 2273 173 2302 quam
188 2265 348 2301 temporali
360 2264 550 2293 districtio-ne
562 2265 740 2301 compellens
751 2266 885 2302 captivos
896 2265 1054 2302 utrimque

80 2318 191 2354 faceret
205 2317 344 2345 liberari.
359 2317 416 2351 Qui
427 2317 609 2346 mandatum
624 2322 761 2346 nostrum
775 2318 938 2355 diligenter
950 2318 1053 2346 adim-

79 2370 177 2408 plens,
194 2369 312 2398 studuit
331 2370 363 2398 in
380 2378 476 2398 manu
491 2370 566 2405 forti
581 2371 732 2407 corripere
750 2371 900 2407 inquietos
916 2376 941 2400 et
951 2371 1053 2408 pusil-

83 2423 214 2452 lanimcs
240 2422 393 2451 consolari
419 2427 444 2450 et
471 2423 677 2459 quorumdam
699 2423 858 2452 rebellium
878 2425 1054 2461 pertinacia

82 2483 215 2513 conqrue
231 2475 381 2512 castigata
394 2497 400 2509 ,
420 2479 445 2503 et
468 2476 598 2511 captivis
614 2475 742 2504 redditis
757 2476 908 2509 libertati,
923 2481 1055 2513 potesta-

84 2529 164 2558 tibus
175 2529 340 2557 civitatum
351 2532 376 2555 et
391 2532 561 2556 castrorum
573 2529 633 2563 sere
646 2529 787 2556 oninium
798 2528 832 2557 de
843 2528 966 2564 ducatu,
983 2538 1055 2566 quos

84 2581 167 2619 apud
181 2582 349 2610 Bevaniam
366 2581 406 2609 ad
418 2589 507 2609 suam
522 2582 705 2618 presentiam
724 2587 872 2617 evocarat,
892 2583 945 2610 sub
961 2582 1056 2611 debito

84 2634 242 2671 fidelitatis
258 2639 283 2663 et
296 2642 376 2672 pena
391 2635 476 2662 mille
494 2634 646 2662 librarum
667 2635 824 2671 injuncaeit
843 2640 876 2664 ut
892 2636 926 2663 in
942 2637 1057 2664 octavis

83 2688 289 2724 apostolorum
311 2687 394 2715 Petri
414 2691 439 2715 et
464 2687 554 2715 Pauli
573 2687 701 2723 quelibet
718 2692 846 2724 potestas
866 2696 934 2716 eum
961 2689 1058 2717 tribus

84 2740 132 2769 vel
153 2745 287 2777 quatuor
305 2740 338 2768 de
356 2740 481 2768 civitate
495 2748 552 2768 sua
568 2740 663 2768 vicem
678 2740 818 2768 omnium
837 2740 1014 2769 habentibus
1030 2750 1058 2769 se

83 2793 169 2830 apud
187 2793 292 2821 Urbem
312 2793 442 2821 Veterem
458 2797 560 2821 nostro
578 2793 750 2829 conspectui
765 2798 963 2830 presentaret.
983 2794 1057 2828 Qui-

85 2845 139 2874 bus
160 2845 195 2874 in
215 2845 331 2882 prefioeo
357 2845 488 2874 termino
511 2846 545 2873 in
569 2850 673 2873 nostra
694 2846 849 2884 presentia
871 2847 1055 2880 constitutis,

83 2903 148 2936 post
166 2903 333 2927 tractatum
353 2898 513 2926 diutinum
533 2902 592 2926 tam
611 2906 701 2935 super
713 2906 787 2935 pace
806 2899 886 2927 inter
904 2899 981 2936 ipsos
992 2899 1057 2936 ple-

86 2951 160 2980 nius
178 2951 377 2987 reformanda
396 2959 489 2988 quam
511 2959 602 2988 super
622 2951 735 2979 ducatu
754 2951 793 2979 ad
811 2960 922 2980 manus
941 2952 1058 2980 ecclesie

84 3003 256 3038 retinendo,
274 3003 353 3040 quod
372 3008 397 3032 et
413 3011 483 3033 cum
498 3004 634 3041 predicto
649 3003 832 3032 subdiacono
850 3008 1058 3033 tractaverant

1160 417 1333 454 diliqenter,
1367 421 1487 448 tandem
1521 422 1679 455 Perusini,
1713 422 1903 457 Assisinates,
1937 422 2124 459 Futytnates,

1159 470 1309 500 Nucerini
1333 477 1358 500 ct
1380 473 1642 510 Interampnenses
1660 474 1754 510 juxta
1776 474 1956 502 mandatum
1985 480 2125 503 nostrum

1161 524 1359 558 munitiones,
1387 530 1486 554 castra
1509 531 1533 554 et
1562 527 1677 563 reqalia
1699 527 1777 555 sicut
1798 536 1830 555 ea
1855 535 1992 563 unquam
2018 527 2125 555 habuit

1160 575 1264 612 aliquo
1277 581 1405 614 tempore
1421 579 1501 607 clarc
1518 580 1660 607 memorie
1671 580 1734 607 dux
1747 580 1913 613 Corradus,
1933 581 1963 608 in
1982 580 2125 608 manibus

1160 629 1273 656 nostris
1287 629 1376 657 libere
1391 631 1589 667 resiqnarunt
1601 642 1608 665 ;
1626 637 1650 659 ct
1662 632 1729 660 licet
1740 632 1894 669 Spoletani
1909 641 1998 669 super
2016 633 2053 660 iis
2069 641 2125 669 que

1162 679 1195 707 de
1213 680 1341 709 ducatus
1360 682 1500 710 demanio
1521 683 1692 712 detinebant
1714 684 1907 712 ‹wliibtterint
1929 694 1956 712 se
1977 685 2123 721 difficiles,

1161 738 1324 761 asserentes
1347 734 1425 770 qaod
1444 735 1470 762 si
1490 736 1645 772 predictus
1667 736 1730 764 duat
1749 745 1781 764 ea
1799 736 1934 773 possedit,
1958 737 2126 773 aliquando

1160 786 1409 821 possessorsuerit
1423 788 1579 822 violentus,
1597 788 1715 816 tandem
1730 793 1831 816 tamen
1841 789 2002 825 superbiis
2014 790 2127 818 nostris

1159 843 1334 873 paruerunt
1351 839 1544 876 beneplacitis
1559 845 1584 868 et
1598 840 1764 869 mandatis.
1783 841 1816 869 Et
1830 842 1872 869 sic
1889 846 1946 869 toto
1959 841 2072 870 ducatu
2087 842 2128 870 ad

1163 898 1274 918 manus
1286 891 1362 919 sedis
1373 893 1531 928 apostolice
1542 898 1687 928 revocato,
1705 898 1764 921 tam
1778 893 1904 922 ducatui
1916 904 2008 931 quam,
2019 895 2128 923 Assisii

1163 948 1189 971 et
1204 944 1331 972 Nucerie
1349 946 1542 973 comitatibus
1555 946 1697 974 dilectum
1712 947 1813 982 filium
1830 951 1965 975 nostrum
1980 948 2010 975 [t.
2028 952 2129 976 sancte

1163 996 1258 1024 Marie
1276 997 1308 1024 in
1329 997 1485 1026 Cosmedin
1507 998 1669 1027 diaconum
1687 999 1875 1027 cardinalem
1893 1001 2075 1036 prefecimus
2095 1001 2130 1028 in

1163 1053 1320 1083 rectorem,
1339 1051 1393 1086 qui
1412 1051 1518 1079 omnia
1535 1060 1589 1087 que
1608 1052 1637 1079 in
1659 1051 1720 1079 hiis
1735 1051 1774 1079 ad
1792 1053 1956 1080 Romanam
1975 1053 2130 1081 ecclesiam

1161 1102 1318 1138 pertinent
1334 1103 1478 1138 obtinens,
1495 1103 1621 1140 pacifice
1633 1112 1668 1132 ac
1682 1105 1779 1140 qreiete
1792 1110 1901 1133 cuncta
1911 1114 1966 1142 pro
1979 1106 2130 1134 voluntate

1164 1163 1220 1183 sua
1237 1155 1384 1192 disposuit
1403 1161 1427 1184 et
1445 1156 1590 1193 disponit.
1602 1157 1793 1193 juramentis
1807 1157 1963 1193 fidelitatis
1979 1158 2014 1185 ab
2031 1158 2131 1185 homi-

1165 1207 1256 1236 nibus
1279 1207 1407 1236 ducatus
1428 1213 1453 1237 et
1475 1210 1677 1237 comitatuum
1705 1210 1770 1237 sine
1793 1210 1969 1246 difficultate
1993 1210 2128 1247 receptis.

1165 1260 1210 1288 Act
1238 1260 1288 1289 hcc
1316 1270 1381 1289 cum
1413 1261 1537 1297 quidam
1568 1262 1739 1289 Tcotonicus
1773 1263 1969 1290 nutrcscalcus
1997 1267 2129 1290 castrum

1166 1313 1305 1341 Preccnsc
1326 1313 1504 1342 detinuisset
1520 1314 1639 1342 diutius
1656 1319 1847 1351 occupatum,
1869 1325 1920 1342 nas
1938 1316 2037 1342 missis
2060 1315 2131 1343 illue

1166 1366 1288 1393 nuntiis
1309 1367 1428 1401 nostris,
1451 1371 1548 1395 (tinoto
1568 1367 1675 1395 e‘cinde
1693 1368 1870 1395 marescalco
1885 1368 2025 1404 predicto,
2048 1376 2132 1395 rccu-

1164 1419 1344 1456 peravimus
1366 1424 1498 1448 castrum
1520 1420 1627 1457 ipsum,
1650 1421 1802 1448 unit-ersis
1824 1421 2044 1448 habitatoribus
2069 1422 2133 1457 ejus

1167 1472 1272 1500 dilecto
1292 1472 1357 1508 filio
1382 1472 1411 1501 S.
1435 1473 1605 1501 camerario
1627 1477 1726 1501 nostro
1749 1473 1787 1501 ad
1808 1473 1860 1501 ltoc
1880 1482 1896 1500 a
1920 1478 2018 1501 nostro
2040 1474 2130 1501 tatere

1167 1525 1324 1560 destinato,
1349 1529 1375 1553 et
1397 1525 1431 1553 ab
1454 1526 1495 1553 eis
1516 1524 1679 1561 honorifice
1703 1530 1728 1553 et
1750 1525 1849 1553 devote
1876 1530 1985 1562 ret-epto
2012 1526 2132 1553 nomine

1168 1581 1269 1605 nostro
1289 1577 1447 1614 fidelitatis
1468 1577 1675 1605 exhibentibus
1689 1578 1881 1614 juramenta.
1908 1578 1986 1605 L'ncle
2003 1586 2053 1605 nos
2071 1582 2133 1606 tam

1168 1630 1247 1658 idem
1264 1635 1397 1659 castrum
1420 1639 1511 1667 qttam
1534 1630 1751 1666 Radicofanum
1774 1635 1800 1659 ct
1820 1631 1935 1667 Aquam
1955 1631 2133 1668 pendentem

1168 1683 1273 1712 dilecto
1288 1682 1353 1720 silio
1367 1683 1472 1718 Musec,
1490 1683 1631 1720 potestati
1650 1683 1922 1720 1³'iterbicnsisidcli
1938 1688 2036 1712 nostro
2051 1692 2132 1712 com-

1168 1737 1312 1764 misimus
1328 1737 1476 1773 quamdiu
1495 1737 1577 1765 nobis
1593 1737 1744 1774 placuerit
1763 1737 1970 1773 qubernandu.
1994 1737 2132 1765 Preterea

1169 1798 1262 1826 quum
1290 1790 1469 1817 carissimus
1497 1789 1526 1817 in
1554 1789 1672 1817 Christo
1700 1789 1785 1825 filius
1810 1794 1907 1817 noster
1934 1788 2131 1826 F(redericus)

1168 1842 1373 1870 Romanorum
1393 1842 1564 1878 imperator,
1586 1846 1656 1869 tuuc
1674 1851 1734 1877 retr,
1757 1843 1876 1871 veniens
1891 1847 2084 1879 suscepturus
2099 1842 2133 1870 de

1169 1895 1311 1922 manibus
1333 1895 1443 1922 nostris
1466 1895 1588 1931 imperii
1607 1895 1760 1929 diadema,
1789 1896 1982 1923 venerabilem
2004 1897 2133 1931 fratrent

1171 1951 1309 1975 nostrum
1330 1947 1483 1975 Metensem
1506 1948 1689 1984 episcopum,
1713 1948 1881 1984 imperialis
1897 1949 1965 1975 aule
1984 1948 2134 1977 cancella-

1170 2000 1264 2034 rium,
1288 1999 1316 2027 in
1335 1999 1459 2027 Italiam
1476 2000 1679 2036 premisissct;
1697 2001 1839 2027 misimus
1854 2000 1892 2027 ad
1908 2010 1973 2028 cum
1991 2001 2134 2029 dilectum

1170 2052 1271 2089 filium
1296 2052 1485 2089 Raynaldunt
1508 2053 1642 2081 Jlonaldi
1663 2053 1880 2081 sulult'aconum
1899 2059 1923 2081 ct
1943 2054 2135 2091 capellanum

1172 2110 1308 2133 nostrum
1328 2110 1360 2133 ut
1381 2106 1408 2133 ci
1426 2106 1486 2134 vice
1508 2110 1609 2134 nostra
1627 2107 1803 2134 comitatum
1821 2107 1969 2134 comitisse
1989 2106 2136 2134 Jlattildis

1173 2158 1262 2186 libere
1278 2159 1454 2194 resiqnaret.
1475 2158 1552 2185 sicut
1569 2167 1586 2185 a
1605 2167 1669 2195 rcqe
1692 2159 1752 2195 ipso
1766 2159 1868 2194 fuerat
1883 2160 1939 2186 sibi
1948 2160 2082 2195 jussum,
2101 2159 2136 2186 Et

1175 2211 1240 2239 licet
1269 2211 1471 2239 cancellarius
1503 2212 1562 2247 ipsc
1591 2212 1764 2247 petitionem
1796 2211 1925 2247 ejusdcm
1960 2212 2137 2239 subdiaconi

1173 2272 1267 2300 usque
1283 2263 1322 2291 tul
1333 2263 1496 2291 adventum
1512 2272 1559 2299 req
1566 2263 1589 2291 is
1600 2264 1679 2291 circa
1693 2269 1794 2300 partes
1809 2264 1939 2291 Bononic
1954 2264 2135 2299 distulisset,-

1175 2317 1294 2345 tandcm
1314 2321 1411 2345 tamen
1432 2316 1506 2344 idem
1528 2325 1579 2344 rtur
1602 2321 1663 2344 tum
1683 2316 1716 2344 tlc
1732 2321 1828 2344 castro
1845 2316 1980 2352 Gonzaqc
1996 2326 2085 2353 quam
2104 2316 2138 2344 de

1175 2370 1247 2397 aliis
1267 2369 1375 2398 eastris
1395 2369 1508 2397 scilicet
1531 2369 1728 2405 Pcpuqnanm
1750 2369 1886 2397 Bondeno
1909 2371 1999 2397 reteri
2014 2374 2039 2397 cl
2059 2370 2137 2398 Bon-

1175 2423 1248 2451 (lcno
1272 2431 1359 2458 novo,
1387 2431 1497 2450 necnon
1521 2422 1554 2449 dc
1577 2423 1800 2464 totobcomitatu¹
1821 2427 1845 2450 cl
1864 2422 1970 2459 podere
1991 2432 2024 2451 ac
2049 2423 2138 2450 terris

1175 2475 1323 2503 comitisse
1342 2475 1474 2511 predicte
1502 2475 1682 2511 maqistrum
1705 2475 1896 2509 Matrinum,
1920 2475 2137 2503 subdiaconum

1176 2532 1201 2555 et
1230 2528 1420 2565 capellanum
1455 2532 1591 2555 nostrum
1622 2527 1676 2564 qui
1705 2532 1768 2555 erat
1797 2536 1863 2555 cum
1895 2537 1925 2555 co
1949 2532 1974 2555 et
2001 2528 2138 2555 eumdem

1176 2580 1390 2618 R[(13111alclztnz)
1417 2580 1532 2607 ecclesie
1558 2580 1687 2607 Romane
1716 2581 1835 2607 nornine
1862 2581 2016 2608 investivit
2041 2585 2066 2607 ct
2093 2588 2138 2608 cos

1175 2633 1332 2661 constituit
1345 2641 1531 2669 possessores,
1548 2632 1698 2659 mandans
1711 2633 1786 2668 ipsos
1797 2640 1850 2668 per
1865 2633 2059 2660 venerabilem
2071 2633 2139 2667 sra-

1178 2691 1249 2714 trem
1266 2690 1400 2714 nostrum
1415 2708 1433 2712 ..
1445 2686 1612 2722 episcopum
1630 2685 1854 2713 Tanrincnsem.
1873 2685 2020 2712 ricarium
2034 2693 2134 2719 suum,

1179 2739 1208 2766 in
1226 2739 1407 2775 corporalem
1423 2739 1632 2775 possessionem
1653 2737 1765 2771 induci,
1783 2742 1809 2765 ct
1822 2738 1989 2773 pircipicns
2001 2742 2060 2765 tam
2074 2746 2139 2765 om-

1179 2792 1266 2819 nibus
1283 2792 1431 2819 militibus
1444 2795 1469 2818 et
1480 2790 1700 2818 habitatoribus
1712 2794 1879 2817 castrorum
1897 2790 2028 2827 ipsorum
2046 2799 2140 2826 quam

1177 2844 1249 2871 aliis
1272 2843 1410 2872 vassallis
1430 2843 1464 2871 dc
1488 2843 1549 2880 ipso
1569 2843 1713 2871 comitatu
1734 2851 1784 2869 scu
1803 2843 1892 2870 terris
1912 2847 1937 2870 et
1957 2842 2084 2879 podere¹
2106 2847 2141 2871 ut

1175 3008 1200 3034 1.
1218 3007 1282 3034 eod.
1298 3006 1422 3042 poderis.
