2392 3571
628 380 679 410 LE
701 378 847 409 menn
869 373 1105 408 CENSUUM
1129 372 1184 402 DE
1207 362 1393 404 L’iiomsn
1416 375 1626 406 ΗΟΜΑΙΝΕ.
2119 372 2173 403 189

122 448 272 476 Benedicti
296 447 381 474 debet
404 455 454 482 pro
479 447 662 481 exemptione
688 453 777 472 unum
800 444 941 470 florenum
967 441 1028 467 auri
1054 439 1089 466 de

121 497 271 525 Florencia
293 496 415 523 ecclesie
435 495 565 522 Romane
590 495 617 521 in
644 494 717 520 festo
739 492 933 528 apostolorum
958 490 1035 517 Petri
1061 492 1090 515 et

122 547 204 574 Pauli
221 550 251 573 ut
266 545 388 572 habetur
403 545 430 571 in
449 548 578 579 regestro
595 543 745 570 Benedicti
765 550 837 578 pape
860 540 935 567 XIII
955 548 1029 567 anno
1046 538 1089 565 XI

122 599 171 623 et·
186 595 308 622 iuferius
323 594 390 621 folio
407 592 548 620 CCC⁰XI⁰
565 593 708 628 presentis
723 592 788 618 libri
805 592 868 623 (1·1).

85 736 122 766 ΙΝ
137 744 325 766 EPISCOPATU
340 734 493 764 EnussNsi.

165 787 428 818 Monasterium¹
456 789 564 816 sancte
589 785 692 815 Marie
721 783 911 822 Magdalene
935 781 1093 820 Virgilia-

125 840 232 871 censis
248 850 257 869 1
273 840 390 870 libram
407 838 532 877 argenti
548 838 633 877 puri.

86 987 126 1017 Iu
141 993 330 1016 Bmscomru
347 984 596 1014 MArisconsnsn

168 1038 398 1065 Monasterium2
422 1036 613 1063 Cluniacense
639 1034 864 1062 Matisconensis
894 1033 1020 1060 diocesis
1044 1041 1095 1068 pro

120 1214 145 1244 a)
161 1216 188 1238 et
203 1213 320 1237 inferius
333 1214 384 1236 etc.
401 1213 458 1236 alia
473 1217 563 1235 manu
577 1209 618 1234 τί.

129 1391 154 1418 1.
172 1390 296 1424 vezelay
312 1388 569 1424 (arrondissement
590 1386 756 1417 d’Avallon,
773 1386 897 1420 Yonne).
914 1385 969 1412 Les
985 1385 1100 1412 chartes

92 1440 227 1467 relatives
243 1440 258 1465 a
277 1439 302 1465 13
324 1437 469 1465 fondation
493 1437 528 1463 de
547 1436 670 1471 Vezelay
691 1444 764 1462 nous
788 1439 838 1462 ont
859 1438 904 1462 ete
927 1437 1101 1462 conservees

93 1498 145 1524 par
159 1488 282 1522 Hngues
296 1488 330 1514 de
348 1487 481 1519 Poitiers,
499 1486 570 1512 (lans
585 1494 638 1512 son
655 1487 778 1512 Historia
800 1486 986 1512 vizeliacensis
1001 1484 1100 1518 (spici-

93 1539 196 1571 legium
213 1537 247 1562 de
265 1536 406 1571 Dachery,
423 1535 492 1562 edit.
516 1535 599 1568 in-s⁰‚
621 1539 640 1560 t.
664 1533 705 1565 ΙΙ,
723 1542 752 1568 p.
776 1533 826 1561 498
848 1537 876 1560 et
898 1534 996 1566 suiv.).
1019 1533 1102 1559 Nous

93 1586 257 1622 possedons
279 1585 353 1612 ainsi
373 1596 377 1611 :
403 1585 430 1611 10
449 1585 473 1610 la
495 1585 578 1610 lettre
601 1592 650 1618 par
673 1583 792 1618 laquelle
816 1582 924 1610 Gerard
947 1582 982 1609 de
1005 1582 1104 1609 Rous-

94 1636 178 1663 sillon
196 1636 275 1662 avise
291 1635 315 1660 le
330 1642 402 1669 pape
418 1634 452 1660 de
467 1634 493 1660 la
507 1634 643 1659 situation
661 1632 728 1667 qn'il
742 1632 846 1659 entend
863 1634 944 1659 creer
954 1640 1010 1658 aux
1026 1632 1103 1658 deux

95 1685 275 1711 monasteres
291 1683 359 1718 qu'il
376 1683 454 1709 vient
469 1683 503 1708 de
519 1682 628 1712 fonder,
645 1681 703 1708 l'un
718 1683 733 1708 3
749 1681 883 1716 Vezelay‚
899 1681 1000 1708 l’autre
1015 1682 1030 1707 ὲ
1048 1681 1104 1707 Ρο-

94 1733 204 1760 thi'eres
221 1732 339 1766 (spicit,
357 1736 377 1758 t.
395 1731 431 1761 11,
449 1740 476 1766 p.
495 1731 556 1763 500,
573 1731 626 1757 col.
638 1730 672 1761 ‘2;
689 1738 765 1756 mars
781 1730 860 1761 863);
877 1730 907 1756 2⁰
922 1729 948 1756 la
963 1729 1038 1756 bulle
1055 1738 1106 1764 par

96 1781 217 1816 laquelle
239 1780 356 1807 Nicolas
371 1779 408 1806 12¹·
423 1783 539 1814 accepte
554 1779 580 1805 la
598 1779 734 1805 donation
754 1778 805 1804 des
827 1778 903 1805 deux
927 1779 1106 1805 monasteres

96 1830 164 1857 faite
179 1838 229 1864 par
245 1828 352 1856 Get-ard
371 1837 406 1855 au
431 1827 614 1862 Saint-Siege
636 1835 706 1854 sous
722 1827 773 1853 des
791 1826 954 1853 conditions
971 1826 1105 1853 determi-

98 1881 168 1906 nees
182 1879 331 1912 (δρία-Πομ,
346 1882 364 1903 t.
381 1876 418 1907 II,
435 1886 463 1912 p.
482 1876 610 1907 502.001.
627 1877 654 1908 ’1;
672 1876 727 1902 mai
744 1874 809 1906 863;
822 1875 950 1907 Jaffe-E„
963 1882 993 1901 n⁰
1009 1875 1104 1907 2831);

98 1928 127 1955 3⁰
142 1928 168 1954 la
184 1927 383 1953 confirmation
401 1925 495 1960 royale
507 1926 530 1959 (7
544 1925 657 1959 janvier
668 1924 737 1957 868;
754 1924 820 1950 dom
832 1923 976 1958 Bouquet,
991 1927 1011 1950 t.
1024 1923 1105 1954 VIII,

97 1985 126 2012 p.
144 1976 224 2008 608);
242 1975 310 2001 401³
326 1975 526 2001 consecration
543 1973 690 1999 definitive
706 1972 817 1998 donnee
838 1974 854 1998 a
873 1980 926 1999 son
942 1981 1041 1999 oeuvre
1058 1981 1108 2007 par

98 2023 206 2052 Gen-ard
224 2023 259 2050 de
275 2023 442 2049 Roussillon
463 2022 580 2055 (Spicil.,
597 2025 617 2048 t.
638 2020 677 2052 11,
696 2030 724 2056 p.
739 2021 801 2052 498,
819 2021 873 2048 col.
891 2022 926 2052 1).
941 2020 996 2048 J‘ai
1012 2021 1108 2047 e’tudie

97 2081 134 2100 en
151 2072 235 2099 detail
251 2080 300 2098 ces
316 2071 487 2097 documents
502 2071 573 2097 dans
589 2078 654 2096 mon
671 2070 756 2096 Etude
768 2077 819 2095 sm·
835 2070 857 2096 le
873 2070 949 2096 Liber
961 2070 1107 2100 Gensuum,

99 2130 128 2156 p.
145 2121 239 2148 40-49.
257 2120 280 2146 Il
296 2119 393 2146 suffira
413 2119 447 2145 de
463 2119 618 2145 transcrire
637 2118 674 2144 ici
689 2118 715 2144 le
732 2126 853 2152 passage
875 2118 909 2144 de
932 2118 958 2144 la
979 2118 1054 2144 bulte
1075 2117 1110 2144 de

99 2170 217 2197 Nicolas
232 2169 269 2196 Ier
284 2169 378 2195 relatis
391 2177 426 2194 au
445 2176 515 2194 cens
531 2177 537 2194 :
558 2178 570 2191 n
592 2168 708 2194 Gensum
725 2169 755 2193 in
777 2168 1110 2194 testamento·tradicionis

100 2221 202 2251 vestrae,
220 2226 271 2251 qvo
282 2225 314 2243 ex
328 2217 417 2243 eoclem
434 2217 599 2242 monasterio
612 2215 733 2241 heredem
751 2215 821 2241 hanc
831 2218 854 2241 et
870 2218 993 2242 sanctam
1009 2216 1111 2248 fecistis

101 2270 218 2294 matrem
235 2266 387 2296 ecclesiam,
406 2273 494 2291 unam
513 2265 637 2290 videlicet
652 2264 751 2290 libram
770 2265 879 2296 arqenti
894 2265 977 2289 annis
992 2265 1111 2296 sinyulc's

101 2322 262 2342 successores
278 2315 366 2340 nostri
377 2314 571 2346 accipientes...
584 2323 597 2336 n
613 2311 752 2344 matre-E„
766 2318 796 2338 no
806 2312 897 2344 2831).
910 2311 952 2338 Cf.
966 2312 1007 2338 les
1020 2312 1111 2338 bulles

100 2362 332 2391 confit-matoires
357 2361 392 2387 de
415 2361 487 2387 Jean
515 2359 585 2387 VIII
613 2360 659 2392 (⁵29
684 2360 850 2394 septembre
877 2360 946 2391 878;
977 2360 1111 2395 Jaffe-E„

105 2419 137 2439 n⁰
152 2412 244 2444 3189),
261 2411 296 2436 de
315 2410 433 2436 Paschal
451 2409 479 2435 lI
499 2409 665 2442 (novembre
684 2408 768 2439 tto-2:
785 2408 923 2442 Jaffe-L.‚
941 2415 973 2435 n⁰
991 2409 1069 2439 5924)
1085 2413 1113 2435 et

104 2460 140 2487 de
155 2459 264 2486 Calixte
280 2458 308 2485 II
322 2459 365 2491 (12
379 2458 494 2492 janvier
513 2457 593 2488 ll‘203
610 2456 746 2488 Jaffe-L„
764 2464 795 2482 n⁴²
810 2456 898 2490 6805).
910 2472 942 2476 --
954 2456 1010 2483 Sur
1027 2458 1051 2483 le
1063 2466 1113 2483 vo-

105 2508 185 2535 cable
201 2507 235 2533 de
252 2505 646 2535 sainte-Maric-Madc-leine,
665 2504 788 2531 attribue
803 2506 818 2530 a
834 2512 867 2531 ce
886 2506 1048 2531 monastere
1064 2505 1113 2531 de-

106 2558 173 2593 puis
187 2557 213 2583 le
229 2557 357 2582 onzieme
373 2555 470 2585 siecle,
488 2562 513 2580 v.
534 2553 700 2587 Duchesne,
717 2554 803 2579 Fastes
818 2555 910 2587 episc„
927 2557 947 2580 t.
965 2553 988 2585 Ι,
1007 2562 1034 2587 p.
1051 2554 1112 2581 317.

141 2607 168 2633 2.
186 2605 207 2632 Il
219 2609 264 2631 est
274 2605 393 2630 curieux
410 2605 494 2637 qu'on
512 2603 550 2629 ait
565 2602 681 2628 attendu
698 2602 723 2628 le
738 2602 930 2636 quatorzieme
944 2602 1030 2628 siecle
1043 2611 1114 2636 pour

108 2654 229 2681 inserire
245 2652 335 2686 Cluny
352 2660 386 2678 au
403 2651 472 2677 livre
488 2650 611 2677 censier.
624 2649 665 2676 En
682 2650 744 2681 910,
762 2650 834 2676 dnus
848 2650 872 2675 13
887 2650 985 2676 charte
1001 2650 1035 2676 de
1051 2650 1114 2676 son-

108 2702 203 2729 dation
221 2701 256 2726 (le
272 2700 374 2734 Cluny,
392 2699 554 2726 Guillaume
571 2698 754 2732 (FAquitaine
771 2698 900 2732 stipulait
918 2709 923 2723 :
938 2708 950 2721 <a
969 2699 1018 2724 Ρει·
1031 2700 1114 2731 quin-

107 2752 261 2785 quennium
279 2752 369 2775 autem
387 2750 470 2775 Ilornae
481 2749 516 2773 acl
531 2749 630 2773 limina
644 2748 838 2780 apostolorum,
851 2748 886 2773 ad
903 2749 1058 2773 Iunn'naria
1075 2749 1116 2780 ip-

110 2807 203 2826 sorum
219 2798 425 2828 concinnanda,
444 2797 529 2822 decem
546 2796 644 2822 solidos
664 2796 776 2829 priesatz'
797 2796 924 2821 monachi
943 2797 1115 2829 persolvant,

111 2849 278 2880 habeantque
295 2847 438 2872 tuitionem
452 2847 572 2878 ipsorum
589 2845 773 2877 apostolorum
789 2846 870 2877 atque
882 2845 1034 2871 Romanum
1050 2851 1118 2877 pon-

111 2898 209 2929 tificem
223 2896 391 2928 defensorem
409 2906 419 2918 n
437 2895 560 2927 (Char-tes
574 2893 604 2918 de
622 2892 741 2925 l’abbaye
761 2893 792 2918 ‹le
807 2893 911 2926 Cluny,
929 2893 996 2919 edit.
1015 2892 1116 2926 Brnel,

110 2948 130 2971 t.
150 2944 176 2976 Ι,
196 2954 224 2979 p.
244 2944 309 2977 1‘26).
329 2943 402 2969 Mais
425 2942 528 2977 depuis
545 2941 683 2975 Gregoire
700 2940 734 2971 V,
750 2941 798 2974 qui
817 2941 922 2975 stipulo
937 2949 1041 2967 encore
1058 2951 1070 2963 (ι
1088 2944 1118 2966 ut

112 2994 214 3020 dentur
233 3000 281 3026 per
307 2993 530 3026 quinquennium
555 2991 642 3016 decem
667 2990 749 3015 solidi
771 2990 807 3015 acl
830 2997 931 3015 urnam
957 2990 981 3016 b.
1006 2991 1080 3015 Petri
1105 3000 1118 3013 »

111 3040 255 3075 (Jaffe-L„
273 3047 304 3066 n⁰
320 3040 410 3074 3895),
423 3040 464 3065 les
481 3046 568 3074 papes
584 3040 734 3071 omettent‚
746 3037 818 3064 dans
834 3038 876 3064 les
888 3037 1046 3064 nombreux
1063 3037 1120 3071 pri-

1210 440 1391 474 exemptione
1406 441 1600 468 membrorum
1616 440 1685 468 dicti
1699 441 1864 467 monasterii
1881 440 1954 467 faeta
1965 448 2014 475 per
2025 439 2175 466 dominum

1210 487 1241 514 G.
1259 497 1359 523 papam
1379 488 1418 515 VI
1432 497 1497 515 cum
1513 492 1599 524 caput
1619 493 1697 516 esset
1716 489 1797 523 prius
1815 492 1997 524 exemptum,
2016 496 2102 515 unam
2119 495 2176 514 un-

1211 535 1285 562 ciam
1301 537 1362 563 auri
1378 537 1502 571 singulis
1517 537 1600 564 annis
1617 537 1751 564 censuale
1767 538 1831 570 (1-1).

1252 584 1458 612 Monasmrium
1473 587 1478 603 ¹
1496 587 1587 612 sancti
1604 585 1680 612 Petri
1694 590 1774 612 extra
1790 594 1888 612 muros
1903 585 2107 617 Cabilonense¹
2126 593 2176 611 or-

1213 633 1290 659 dinis
1311 633 1402 660 sancti
1422 633 1580 668 Benedicti,
1598 634 1705 661 ratione
1721 634 1914 669 exemptionis
1933 634 1988 661 sibi
2003 634 2038 661 ab
2055 634 2178 660 auctori-

1213 684 1272 707 tate
1283 681 1438 716 apostolica
1449 682 1519 708 alias
1532 682 1604 709 facte
1620 685 1648 708 et
1663 682 1830 709 confirmate
1841 691 1890 717 per
1905 690 1929 709 s.
1942 682 1968 709 d.
1984 691 2010 710 n.
2028 682 2177 709 dominum

1214 729 1335 756 Paulum
1354 738 1454 764 papam
1477 730 1653 763 secundum,
1676 730 1730 757 sub
1750 730 1807 757 dat.
1833 730 1924 757 Rome
1941 734 2024 757 sexto
2041 730 2107 757 idus
2124 738 2178 757 no-

1214 778 1340 804 vembris
1359 786 1434 804 anno
1456 779 1589 812 septimo,
1615 782 1728 805 tenetur
1749 779 1860 805 solvere
1884 778 2008 813 singulis
2030 779 2113 805 annis
2129 787 2179 805 ca—

1215 834 1294 852 mere
1309 826 1466 861 apostolice
1483 826 1557 853 duos
1576 827 1702 853 florenos
1717 828 1779 854 auri
1794 827 1829 854 de
1844 835 1957 854 camera
1979 828 2088 854 ratione
2104 827 2180 854 dicte

1217 875 1420 909 exemptionis.
1448 888 1485 895 —
1512 874 1564 901 Est
1593 876 1665 902 facta
1695 875 1830 910 obligatio
1863 875 1935 902 libro
1964 876 2180 911 particularium

1215 922 1265 948 fol.
1282 921 1358 949 on.
1375 921 1422 948 Jo.
1439 922 1569 949 Gerones
1583 922 1618 949 de
1635 923 1767 949 mandato
1780 923 1844 958 (1·2).

1177 1076 1214 1105 ΙΝ
1230 1084 1418 1106 EPISCOPATU
1434 1075 1666 1106 CABILLONENSI
1672 1099 1679 1107 .

1257 1128 1486 1154 Monasterium²
1511 1127 1704 1155 cisterciense
1729 1128 1813 1154 debet
1837 1128 1960 1162 singulis
1989 1128 2073 1155 annis
2097 1137 2182 1155 unam

1219 1184 1345 1203 marcam
1365 1176 1488 1210 argenti.
1512 1176 1583 1203 Item
1610 1176 1685 1203 idem
1709 1177 1914 1203 monasterium
1941 1181 2054 1203 tenetur
2075 1178 2103 1203 in
2127 1185 2185 1204 uno

1219 1225 1302 1252 obolo
1317 1225 1379 1252 auri
1394 1225 1429 1251 de
1444 1233 1541 1251 annuo
1556 1233 1646 1252 censu
1663 1233 1713 1260 pro
1729 1225 1852 1252 ecclesia
1871 1225 1906 1251 de
1925 1224 2121 1252 Scardeberch
2136 1234 2187 1261 per

1220 1282 1318 1309 regem
1335 1274 1442 1308 Anglie
1462 1277 1491 1300 et
1512 1274 1763 1309 archiepiscopum
1783 1273 1994 1300 Eboracensem
2010 1274 2102 1301 eidem
2118 1282 2187 1301 con-

1221 1331 1319 1355 cessa,
1346 1326 1378 1349 ut
1402 1322 1523 1349 habetur
1551 1322 1579 1349 in
1610 1326 1740 1357 regestro
1771 1322 1836 1349 anni
1861 1321 1890 1348 Il
1916 1322 2025 1349 domini
2055 1322 2188 1358 Gregorii

1221 1379 1295 1406 pape
1311 1370 1365 1402 IX,
1384 1371 1509 1405 capitulo
1524 1370 1725 1397 CLXXXVII
1741 1371 1804 1405 (ri).

1263 1419 1317 1446 Die
1339 1422 1438 1453 quarta
1461 1420 1570 1446 mensis
1588 1419 1653 1454 julii
1676 1427 1751 1446 anno
1770 1419 1938 1446 Nativitatis
1963 1419 2078 1446 Domini
2099 1419 2190 1446 mille-

1223 1468 1298 1495 simo
1314 1467 1556 1494 ccc-›Lxxxno
1571 1468 1706 1495 dominus
1720 1468 1807 1495 frater
1818 1468 1964 1495 Robertns
1975 1469 2063 1495 abbas
2077 1477 2192 1495 monas-

1225 1517 1290 1544 terii
1308 1516 1401 1543 sancti
1424 1516 1500 1543 Petri
1521 1520 1601 1543 extra
1622 1525 1721 1543 muros
1741 1516 1950 1543 Cabillonensis
1973 1517 2081 1544 ordinis
2100 1517 2192 1544 sancti

1228 1565 1376 1592 Benedicti
1393 1565 1525 1599 promisit
1541 1573 1590 1599 pro
1602 1573 1634 1591 se
1647 1569 1675 1591 et
1690 1565 1863 1591 monasterio
1877 1573 1930 1591 suo
1942 1565 2069 1600 predicto
2081 1565 2193 1593 solvere

1225 1614 1348 1640 ecclesie
1374 1613 1504 1640 Romane
1529 1614 1613 1640 annis
1637 1615 1762 1648 singulis
1786 1614 1935 1649 perpetuis
1959 1615 2138 1649 temporibus
2163 1615 2193 1641 in

1227 1663 1301 1690 festo
1316 1663 1511 1697 apostolorum
1530 1662 1607 1689 Petri
1629 1667 1657 1689 et
1680 1663 1761 1689 Pauli
1782 1663 1856 1689 duos
1874 1662 2001 1690 florenos
2016 1663 2077 1690 auri
2094 1663 2128 1690 de
2145 1672 2194 1690 ca-

1228 1720 1306 1738 mera
1323 1720 1372 1746 pro
1392 1712 1574 1746 exemptione
1591 1711 1667 1737 dicto
1688 1711 1863 1738 monasterio
1879 1720 2017 1738 concessa
2035 1720 2084 1746 per
2099 1712 2194 1739 domi-

1229 1769 1296 1786 num
1313 1759 1488 1786 Clementem
1506 1759 1568 1790 VII,
1586 1758 1656 1786 VIII
1673 1760 1727 1787 kal.
1743 1759 1824 1786 Junii
1843 1768 1918 1786 anno
1939 1760 2122 1795 pontificatus
2146 1760 2193 1787 sui

1228 1812 1340 1843 quarto,
1355 1812 1383 1834 et
1403 1808 1515 1834 remisit
1537 1808 1701 1841 procui-ium
1724 1808 1820 1834 dictus
1840 1808 1928 1835 abbas
1949 1808 2097 1835 sufficiens
2120 1808 2194 1835 infra

1228 1861 1344 1891 tempus
1361 1857 1534 1890 premissum
1551 1864 1602 1891 pro
1624 1860 1767 1882 conventu
1785 1864 1853 1887 suo,
1879 1857 2022 1883 ratificans
2038 1865 2089 1892 per
2103 1856 2194 1884 Nico-

1229 1907 1304 1932 laum
1322 1905 1420 1931 Groeti
1435 1905 1570 1931 clericum
1587 1908 1801 1939 procuratorem
1814 1913 1912 1931 eorum
1929 1905 2004 1940 quod
2018 1905 2088 1932 vidit
2103 1905 2195 1932 domi·

1231 1962 1287 1980 nus
1304 1953 1407 1980 Petrus
1424 1953 1545 1979 Barrerii
1563 1953 1687 1979 clericus
1704 1961 1817 1979 camere
1836 1953 1992 1987 apostolice
2009 1961 2044 1979 ex
2059 1953 2196 1980 commis-

1231 2003 1312 2030 sione
1329 2001 1436 2028 domini
1452 2001 1599 2028 camerarii
1618 2003 1682 2033 (ν’).

1194 2212 1302 2245 vileges
1318 2210 1428 2236 donnes
1444 2211 1458 2236 3
1475 2209 1578 2245 Cluny,
1599 2210 1634 2236 de
1654 2210 1723 2236 faire
1740 2211 1865 2236 mention
1881 2210 1916 2236 de
1935 2211 1961 2236 13
1976 2210 2143 2237 redevance.
2160 2209 2200 2237 La

1193 2260 1339 2287 condition
1356 2260 1390 2285 de
1413 2258 1505 2294 Cluny
1522 2259 1586 2285 n'en
1608 2263 1668 2285 sert
1691 2267 1741 2293 pas
1762 2260 1856 2286 moins
1873 2259 1908 2286 de
1931 2264 1997 2294 type
2018 2268 2089 2294 pour
2112 2260 2202 2285 maint

1194 2313 1274 2336 autre
1291 2309 1453 2334 monestere
1469 2307 1597 2340 (Hit-sau,
1616 2316 1664 2342 par
1680 2308 1820 2342 exemple.
1833 2307 2070 2334 etSaint-Victor
2081 2308 2114 2334 de
2126 2307 2202 2334 Mar-

1194 2358 1293 2391 seille).
1316 2356 1486 2383 L’insertion
1504 2356 1538 2382 de
1560 2355 1652 2391 Cluny
1668 2365 1703 2382 au
1724 2356 1794 2383 livre
1815 2357 1928 2382 censier
1943 2356 2040 2383 de'rive
2055 2356 2122 2383 d'un
2139 2360 2202 2383 acte

1194 2407 1228 2433 de
1243 2406 1373 2432 Clement
1391 2404 1430 2430 VI
1446 2405 1494 2439 qui
1512 2405 1572 2431 vise
1589 2413 1644 2431 non
1662 2405 1686 2430 le
1703 2406 1864 2431 monastere
1879 2405 2041 2438 lui-meme,
2053 2405 2125 2431 mais
2138 2406 2201 2432 l‘or-

1194 2455 1244 2481 dre
1260 2454 1294 2480 de
1309 2453 1411 2488 Cluny.
1712 2451 1716 2454 ’

1233 2504 1257 2529 1.
1275 2501 1732 2532 Saint-pierre-hors·les-Murs,
1750 2503 1765 2527 a
1786 2501 1898 2528 MAcon.
1919 2501 1957 2527 Le
1979 2503 2139 2528 monastere
2159 2502 2203 2528 sut

1195 2551 1303 2578 deti-uit
1317 2559 1352 2576 en
1374 2550 1437 2577 ¹562
1455 2558 1503 2584 par
1520 2550 1561 2576 les
1577 2550 1752 2580 calvinistes,
1769 2554 1797 2576 et
1814 2550 1838 2575 la
1849 2552 2052 2576 communnute'
2063 2558 2094 2576 se
2106 2553 2204 2576 trans-

1197 2603 1276 2634 porta
1293 2608 1327 2625 en
1346 2599 1420 2625 ville.

1232 2648 1258 2675 2.
1277 2647 1331 2673 Les
1352 2647 1448 2681 pieces
1465 2646 1597 2673 relatives
1621 2648 1635 2672 ii
1659 2645 1682 2672 la
1705 2647 1820 2672 cession
1843 2646 1876 2672 de
1900 2646 2007 2680 l'eglise
2029 2646 2063 2672 de
2080 2646 2204 2673 Scarbo-

1197 2697 1290 2730 rough
1307 2695 1493 2725 (Yorlzshire,
1511 2702 1562 2720 sur
1583 2695 1608 2720 la
1624 2696 1698 2726 cote)
1714 2699 1763 2719 ont
1785 2696 1829 2720 ete
1851 2694 1980 2720 insere'es
2000 2694 2071 2721 dans
2087 2695 2113 2720 la
2129 2695 2204 2720 bulle

1197 2744 1394 2772 confirmative
1415 2744 1449 2768 de
1467 2742 1605 2776 Gregoire
1626 2742 1681 2776 IX,
1702 2743 1739 2768 du
1756 2742 1789 2769 *ΞΟ
1810 2743 1913 2768 fevrier
1932 2742 2008 2775 1239,
2028 2749 2055 2769 et
2075 2743 2206 2777 publiees

1199 2803 1248 2828 par
1264 2793 1302 2819 M.
1320 2792 1351 2819 L.
1369 2792 1486 2826 Αυνιηι)ι
1502 2792 1573 2823 (Rey.
1591 2791 1667 2824 Grcq.
1685 2791 1731 2823 IX,
1748 2798 1778 2817 n⁰
1794 2791 1854 2821 272,
1871 2795 1890 2817 t.
1908 2790 1930 2821 Ι,
1949 2800 1976 2826 p.
1997 2792 2058 2821 162.
2080 2791 2149 2824 163).
2166 2791 2206 2817 La

1200 2842 1275 2868 bulle
1291 2841 1453 2866 elle-meme
1474 2839 1573 2865 de'finit
1593 2839 1617 2864 lo
1637 2847 1706 2865 cens
1726 2839 1800 2865 ainsi
1819 2839 1887 2873 qu'il
1908 2839 1967 2865 suit
1984 2849 1989 2865 :
2007 2840 2046 2865 :til
2069 2840 2207 2865 indictum

1200 2893 1292 2916 autem
1310 2889 1392 2921 hnjtts
1414 2889 1503 2920 gratie
1524 2888 1556 2913 ab
1578 2888 1723 2921 apostolica
1745 2888 1802 2913 sede
1823 2890 1943 2922 percepta
1964 2888 2039 2914 nobis
2058 2890 2082 2913 et
2103 2895 2206 2913 succes-

1200 2939 1306 2965 soribus
1330 2937 1432 2962 nostris
1454 2935 1561 2961 obolum
1586 2943 1704 2961 aureum
1731 2937 1840 2961 nomine
1863 2944 1957 2962 census
1982 2938 2065 2962 annis
2089 2936 2208 2969 sinyulis

1201 2986 1340 3015 eroli-etis,
1368 2984 1483 3009 remissa
1508 2984 1578 3009 robis
1602 2984 1711 3016 arycnti
1736 2984 1849 3009 marcha
1872 2992 1954 3017 quam
1980 2986 2090 3010 nornine
2114 2991 2208 3010 census

1201 3034 1318 3069 predicti
1333 3032 1446 3059 Ecclesia
1460 3032 1576 3058 Romane
1592 3032 1759 3058 tenebamini
1773 3033 1872 3059 solt-ere
1887 3035 2046 3059 annuatim.
